Artist,Album,Year,Month,Sales,Year_Month,Date
(여자)아이들,2,2024,1,1681606,2024-01,2024-01-31
(여자)아이들,HEAT,2023,10,166265,2023-10,2023-10-31
(여자)아이들,I NEVER DIE,2022,3,289804,2022-03,2022-03-31
(여자)아이들,I SWAY,2024,7,986061,2024-07,2024-07-31
(여자)아이들,I am,2018,5,30763,2018-05,2018-05-31
(여자)아이들,I burn,2021,1,202573,2021-01,2021-01-31
(여자)아이들,I feel,2023,5,1550549,2023-05,2023-05-31
(여자)아이들,I love,2022,10,849111,2022-10,2022-10-31
(여자)아이들,I made,2019,2,37747,2019-02,2019-02-28
(여자)아이들,I trust,2020,4,150255,2020-04,2020-04-30
(여자)아이들,덤디덤디,2020,8,123108,2020-08,2020-08-31
10cm,3.0,2015,1,387,2015-01,2015-01-31
10cm,4.0,2017,9,3532,2017-09,2017-09-30
14U (원포유),나침반,2018,10,26884,2018-10,2018-10-31
14U (원포유),예뻐지지마,2018,2,878,2018-02,2018-02-28
1TEAM,HELLO!,2019,3,4343,2019-03,2019-03-31
1TEAM,JUST,2019,7,4953,2019-07,2019-07-31
1TEAM,ONE,2019,11,7925,2019-11,2019-11-30
2NE1,15TH ANNIVERSARY BEST,2025,3,9407,2025-03,2025-03-31
2NE1,2NE1 NEW ALBUM `CRUSH`,2015,1,1631,2015-01,2015-01-31
2PM,GENTLEMEN'S GAME,2017,2,1653,2017-02,2017-02-28
2PM,GENTLEMEN`S GAME,2016,9,69678,2016-09,2016-09-30
2PM,MUST,2021,6,148033,2021-06,2021-06-30
2PM,NO.5,2015,6,62315,2015-06,2015-06-30
2am,Ballad 21 F/W,2021,11,5530,2021-11,2021-11-30
4Minute (포미닛),Crazy,2015,2,20945,2015-02,2015-02-28
82MAJOR (에이티투메이저),BEAT by 82,2024,4,26445,2024-04,2024-04-30
82MAJOR (에이티투메이저),ON,2023,10,19224,2023-10,2023-10-31
82MAJOR (에이티투메이저),X-82,2024,10,53690,2024-10,2024-10-31
8TURN,8TURNRISE,2023,2,45794,2023-02,2023-02-28
8TURN,LEGGO,2025,3,48823,2025-03,2025-03-31
8TURN,STUNNING,2024,1,123049,2024-01,2024-01-31
8TURN,UNCHARTED DRIFT,2023,6,48683,2023-06,2023-06-30
9와 숫자들,수렴과 발산,2017,6,696,2017-06,2017-06-30
9와 숫자들,유예,2016,6,488,2016-06,2016-06-30
A.C.E (에이스),PINATA,2024,11,43280,2024-11,2024-11-30
A.C.E(에이스),A.C.E Adventures in Wonderland,2018,6,19984,2018-06,2018-06-30
A.C.E(에이스),Callin`,2017,10,1000,2017-10,2017-10-31
A.C.E(에이스),Changer : Dear Eris,2021,9,36284,2021-09,2021-09-30
A.C.E(에이스),My Girl : “My Choice”,2024,2,46679,2024-02,2024-02-29
A.C.E(에이스),SIREN : DAWN,2021,6,74880,2021-06,2021-06-30
A.C.E(에이스),UNDER COVER,2019,5,28530,2019-05,2019-05-31
A.C.E(에이스),UNDER COVER : THE MAD SQUAD,2019,10,37211,2019-10,2019-10-31
A.C.E(에이스),선인장,2017,5,900,2017-05,2017-05-31
A.C.E(에이스),호접지몽,2020,9,61969,2020-09,2020-09-30
AB6IX (에이비식스),6IXENSE,2019,10,141293,2019-10,2019-10-31
AB6IX (에이비식스),A to B,2022,5,78283,2022-05,2022-05-31
AB6IX (에이비식스),B:COMPLETE,2019,5,166791,2019-05,2019-05-31
AB6IX (에이비식스),BORN LIKE THIS,2024,10,71802,2024-10,2024-10-31
AB6IX (에이비식스),COMPLETE WITH YOU,2022,1,51824,2022-01,2022-01-31
AB6IX (에이비식스),MO` COMPLETE,2021,10,101604,2021-10,2021-10-31
AB6IX (에이비식스),MO` COMPLETE : HAVE A DREAM,2021,4,93271,2021-04,2021-04-30
AB6IX (에이비식스),SALUTE,2020,11,106682,2020-11,2020-11-30
AB6IX (에이비식스),SALUTE : A NEW HOPE,2021,1,71727,2021-01,2021-01-31
AB6IX (에이비식스),TAKE A CHANCE,2022,10,61404,2022-10,2022-10-31
AB6IX (에이비식스),THE FUTURE IS OURS : FOUND,2024,1,94475,2024-01,2024-01-31
AB6IX (에이비식스),THE FUTURE IS OURS : LOST,2023,5,68263,2023-05,2023-05-31
AB6IX (에이비식스),VIVID,2020,6,140078,2020-06,2020-06-30
ADOY,VIVID,2019,12,1404,2019-12,2019-12-31
ADYA (에이디야),ADYA,2023,5,7321,2023-05,2023-05-31
AIMERS(에이머스),Somebody,2024,2,7184,2024-02,2024-02-29
AKMU (악뮤),3rd FULL ALBUM 항해,2019,9,10531,2019-09,2019-09-30
AKMU (악뮤),NEXT EPISODE,2021,7,18907,2021-07,2021-07-31
AKMU (악뮤),PLAY,2015,1,2765,2015-01,2015-01-31
AKMU (악뮤),사춘기 상,2016,5,11865,2016-05,2016-05-31
AKMU (악뮤),사춘기 하,2017,1,8790,2017-01,2017-01-31
AKMU (악뮤),콩떡빙수,2015,8,930,2015-08,2015-08-31
AKMU (악뮤),항해,2022,1,5803,2022-01,2022-01-31
ALL(H)OURS(올아워즈),ALL OURS,2024,1,27975,2024-01,2024-01-31
ALL(H)OURS(올아워즈),Smoke Point,2025,2,61596,2025-02,2025-02-28
ALL(H)OURS(올아워즈),WITNESS,2024,7,59784,2024-07,2024-07-31
AOA,AOA 1st Album ANGEL`S KNOCK,2017,1,33655,2017-01,2017-01-31
AOA,BINGLE BANGLE,2018,5,21872,2018-05,2018-05-31
AOA,Good Luck,2016,5,41148,2016-05,2016-05-31
AOA,Heart Attack,2015,6,46892,2015-06,2015-06-30
AOA,NEW MOON,2019,11,15553,2019-11,2019-11-30
AOA,단발머리,2015,1,1348,2015-01,2015-01-31
AOA,사뿐사뿐,2015,1,6866,2015-01,2015-01-31
AOA,짧은치마,2015,1,1019,2015-01,2015-01-31
ARTMS,＜Dall＞,2024,5,105583,2024-05,2024-05-31
ARrC (아크),AR^C,2024,8,13855,2024-08,2024-08-31
ARrC (아크),nu kidz: out the box,2025,2,20993,2025-02,2025-02-28
ASC2NT(어센트),Expecting Tomorrow,2024,5,24049,2024-05,2024-05-31
ASH ISLAND,ASH,2019,9,2424,2019-09,2019-09-30
ASH ISLAND,ISLAND,2021,6,8571,2021-06,2021-06-30
ASH ISLAND,ROSE,2023,11,3654,2023-11,2023-11-30
ATBO,MUST HAVE,2023,11,60661,2023-11,2023-11-30
ATBO,The Beginning : 始作,2022,10,85375,2022-10,2022-10-31
ATBO,The Beginning : 開花,2022,7,58563,2022-07,2022-07-31
ATBO,The Beginning : 飛上,2023,5,58813,2023-05,2023-05-31
ATEEZ (에이티즈),GOLDEN HOUR : Part.1,2024,5,1615878,2024-05,2024-05-31
ATEEZ (에이티즈),GOLDEN HOUR : Part.1 `WORK TO LIVE VER.`,2024,9,18620,2024-09,2024-09-30
ATEEZ (에이티즈),GOLDEN HOUR : Part.2,2024,11,1487194,2024-11,2024-11-30
ATEEZ (에이티즈),SPIN OFF : FROM THE WITNESS,2022,12,482100,2022-12,2022-12-31
ATEEZ (에이티즈),THE WORLD EP.1 : MOVEMENT,2022,7,1002031,2022-07,2022-07-31
ATEEZ (에이티즈),THE WORLD EP.2 : OUTLAW,2023,6,1501985,2023-06,2023-06-30
ATEEZ (에이티즈),THE WORLD EP.FIN : WILL,2023,12,1798546,2023-12,2023-12-31
ATEEZ (에이티즈),TREASURE EP.1 : All To Zero,2018,10,111887,2018-10,2018-10-31
ATEEZ (에이티즈),TREASURE EP.2 : Zero To One,2019,1,125688,2019-01,2019-01-31
ATEEZ (에이티즈),TREASURE EP.3 : One To All,2019,6,221299,2019-06,2019-06-30
ATEEZ (에이티즈),TREASURE EP.FIN : All To Action,2019,10,251359,2019-10,2019-10-31
ATEEZ (에이티즈),TREASURE EPILOGUE : Action To Answer,2020,1,207052,2020-01,2020-01-31
ATEEZ (에이티즈),ZERO : FEVER EPILOGUE,2025,2,38481,2025-02,2025-02-28
ATEEZ (에이티즈),ZERO : FEVER Part.1,2020,7,421171,2020-07,2020-07-31
ATEEZ (에이티즈),ZERO : FEVER Part.2,2021,3,531528,2021-03,2021-03-31
ATEEZ (에이티즈),ZERO : FEVER Part.3,2021,9,749237,2021-09,2021-09-30
ATEEZ (에이티즈),ZERO: FEVER EPILOGUE,2021,12,415576,2021-12,2021-12-31
Agust D,D-DAY,2023,4,1414751,2023-04,2023-04-30
Apink 초봄 (에이핑크 초봄),Copycat,2022,7,41288,2022-07,2022-07-31
Ariana Grande,"thank u, next",2019,2,1406,2019-02,2019-02-28
B.A.P,BLUE,2017,9,26470,2017-09,2017-09-30
B.A.P,CARNIVAL,2016,2,64049,2016-02,2016-02-29
B.A.P,EGO,2017,12,30606,2017-12,2017-12-31
B.A.P,Matrix,2015,11,98276,2015-11,2015-11-30
B.A.P,NOIR,2016,11,52812,2016-11,2016-11-30
B.A.P,PUT'EM UP,2016,8,29165,2016-08,2016-08-31
B.A.P,ROSE,2017,3,42361,2017-03,2017-03-31
B.D.U (비디유),Wishpool,2024,6,27287,2024-06,2024-06-30
B.I,COSMOS,2021,11,52439,2021-11,2021-11-30
B.I,Love or Loved Part.1,2022,11,31892,2022-11,2022-11-30
B.I,Love or Loved Part.2,2023,11,25282,2023-11,2023-11-30
B.I,TO DIE FOR,2023,6,31376,2023-06,2023-06-30
B.I,WATERFALL,2021,6,104101,2021-06,2021-06-30
B.I,깊은 밤의 위로,2021,3,10000,2021-03,2021-03-31
BABYMONSTER,BABYMONS7ER,2024,4,777435,2024-04,2024-04-30
BABYMONSTER,DRIP,2024,11,923337,2024-11,2024-11-30
BAE173,INTERSECTION : BLAZE,2022,3,27141,2022-03,2022-03-31
BAE173,INTERSECTION : SPARK,2020,11,18785,2020-11,2020-11-30
BAE173,INTERSECTION : TRACE,2021,4,21397,2021-04,2021-04-30
BAE173,ODYSSEY:DaSH,2022,8,26205,2022-08,2022-08-31
BAE173 (비에이이일칠삼),NEW CHAPTER : LUCEAT,2024,3,59999,2024-03,2024-03-31
BDC,BOYS DA CAPO,2019,10,11916,2019-10,2019-10-31
BDC,THE INTERSECTION : BELIEF,2020,9,14416,2020-09,2020-09-30
BDC,THE INTERSECTION : CONTACT,2021,6,8681,2021-06,2021-06-30
BDC,THE INTERSECTION : DISCOVERY,2021,3,9851,2021-03,2021-03-31
BIG Naughty (서동현),Bucket List,2021,3,10615,2021-03,2021-03-31
BIG Naughty (서동현),낭만,2022,6,10000,2022-06,2022-06-30
BIG Naughty (서동현),호프리스 로맨틱,2023,3,12960,2023-03,2023-03-31
BIGBANG (빅뱅),A,2015,6,102862,2015-06,2015-06-30
BIGBANG (빅뱅),D,2015,7,96221,2015-07,2015-07-31
BIGBANG (빅뱅),E,2015,8,125830,2015-08,2015-08-31
BIGBANG (빅뱅),M,2015,4,139549,2015-04,2015-04-30
BIGBANG (빅뱅),MADE,2016,12,250709,2016-12,2016-12-31
BIGBANG (빅뱅),Remember,2015,8,376,2015-08,2015-08-31
BIGBANG (빅뱅),SPECIAL EDITION `STILL ALIVE`,2016,2,445,2016-02,2016-02-29
BIGBANG (빅뱅),Stand Up,2015,8,463,2015-08,2015-08-31
BIGBANG (빅뱅),빅뱅 미니앨범 4집,2025,3,10765,2025-03,2025-03-31
BLACKPINK,BLACKPINK 2021 `THE SHOW` LIVE,2021,6,35000,2021-06,2021-06-30
BLACKPINK,BORN PINK,2022,9,2969652,2022-09,2022-09-30
BLACKPINK,KILL THIS LOVE,2019,4,729162,2019-04,2019-04-30
BLACKPINK,SPECIAL EDITION [How You Like That],2020,7,307460,2020-07,2020-07-31
BLACKPINK,SQUARE UP,2018,6,493584,2018-06,2018-06-30
BLACKPINK,THE ALBUM,2020,10,1654186,2020-10,2020-10-31
BLACKPINK,THE ALBUM - LIMITED EDITION-,2020,10,18879,2020-10,2020-10-31
BLACKPINK,THE GIRLS,2023,8,187540,2023-08,2023-08-31
BLANK2Y (블랭키),K2Y I : CONFIDENCE [Thumbs Up],2022,5,81994,2022-05,2022-05-31
BOYNEXTDOOR,19.99,2024,9,1079459,2024-09,2024-09-30
BOYNEXTDOOR,HOW?,2024,4,853209,2024-04,2024-04-30
BOYNEXTDOOR,WHO!,2023,5,294241,2023-05,2023-05-31
BOYNEXTDOOR,WHY..,2023,9,569185,2023-09,2023-09-30
BVNDIT (밴디트),BE!,2019,11,2806,2019-11,2019-11-30
BVNDIT (밴디트),Carnival,2020,5,2664,2020-05,2020-05-31
Billie Eilish,"WHEN WE ALL FALL ASLEEP, WHERE DO WE GO?",2019,4,2301,2019-04,2019-04-30
Billlie,Of All Have Lost,2024,10,44989,2024-10,2024-10-31
Billlie,side-B : memoirs of echo unseen,2023,10,43318,2023-10,2023-10-31
Billlie,the Billage of perception : chapter one,2021,11,24698,2021-11,2021-11-30
Billlie,the Billage of perception: chapter three,2023,3,88669,2023-03,2023-03-31
Billlie,the Billage of perception: chapter two,2022,8,89997,2022-08,2022-08-31
Billlie,the collective soul and unconscious: chapter one,2022,2,87642,2022-02,2022-02-28
"Billlie, 윤종신",track by YOON: 팥빙수,2022,7,54048,2022-07,2022-07-31
"Bion Tsang, Scott Yoo, Royal Scottish National Orchestra",Dvorak/Enescu Cello Concertos,2019,6,932,2019-06,2019-06-30
CHEEZE (치즈),CHEEZE 1.5집 PLAIN,2017,6,1000,2017-06,2017-06-30
CIX (씨아이엑스),1st Album OK Prologue : Be OK,2021,8,103885,2021-08,2021-08-31
CIX (씨아이엑스),"1st EP ALBUM `HELLO` Chapter 1. Hello, Stranger",2019,7,72883,2019-07,2019-07-31
CIX (씨아이엑스),1st Single Album `0 or 1`,2024,1,72284,2024-01,2024-01-31
CIX (씨아이엑스),"2nd EP ALBUM `HELLO` Chapter 2. Hello, Strange Place",2019,11,81729,2019-11,2019-11-30
CIX (씨아이엑스),"3rd EP Album `HELLO` Chapter 3. Hello, Strange Time",2020,10,59867,2020-10,2020-10-31
CIX (씨아이엑스),"4th EP Album `HELLO` Chapter Ø. Hello, Strange Dream",2021,2,64895,2021-02,2021-02-28
CIX (씨아이엑스),5th EP Album `OK` Episode 1 : OK Not,2022,8,99722,2022-08,2022-08-31
CIX (씨아이엑스),6th EP Album `OK` Episode 2 : I`m OK,2023,5,136513,2023-05,2023-05-31
CIX (씨아이엑스),THUNDER FEVER,2025,1,55599,2025-01,2025-01-31
CL,ALPHA,2021,10,12959,2021-10,2021-10-31
CLASS:y (클라씨),CLASS IS OVER,2022,5,28777,2022-05,2022-05-31
CLASS:y (클라씨),Day&Night,2022,10,12738,2022-10,2022-10-31
CLASS:y (클라씨),LIVES ACROSS,2022,5,14768,2022-05,2022-05-31
CLASS:y (클라씨),LOVE XX,2024,12,7203,2024-12,2024-12-31
CLC,BLACK DRESS,2018,2,8016,2018-02,2018-02-28
CLC,CRYSTYLE,2017,1,5769,2017-01,2017-01-31
CLC,FREE`SM,2017,8,4355,2017-08,2017-08-31
CLC,HELICOPTER,2020,9,18987,2020-09,2020-09-30
CLC,NU.CLEAR,2016,6,4556,2016-06,2016-06-30
CLC,No.1,2019,1,12302,2019-01,2019-01-31
CLC,Question,2015,6,4635,2015-06,2015-06-30
CLC,Refresh,2016,2,2209,2016-02,2016-02-29
CLC,첫사랑,2015,3,4945,2015-03,2015-03-31
CRAVITY,1ST ALBUM PART 1 [The Awakening: Written In The Stars],2021,8,184967,2021-08,2021-08-31
CRAVITY,1ST ALBUM PART 2 [LIBERTY : IN OUR COSMOS],2022,3,152515,2022-03,2022-03-31
CRAVITY,EVERSHINE,2024,2,349939,2024-02,2024-02-29
CRAVITY,FIND THE ORBIT,2024,12,286351,2024-12,2024-12-31
CRAVITY,HIDEOUT: BE OUR VOICE - SEASON 3.,2021,1,176511,2021-01,2021-01-31
CRAVITY,HIDEOUT: REMEMBER WHO WE ARE - SEASON1.,2020,4,153525,2020-04,2020-04-30
CRAVITY,HIDEOUT: THE NEW DAY WE STEP INTO - SEASON 2.,2020,8,166644,2020-08,2020-08-31
CRAVITY,MASTER : PIECE,2023,3,295690,2023-03,2023-03-31
CRAVITY,NEW WAVE,2022,9,219235,2022-09,2022-09-30
CRAVITY,SUN SEEKER,2023,9,333462,2023-09,2023-09-30
CREZL (크레즐),CRE:㘉,2024,4,12831,2024-04,2024-04-30
CREZL (크레즐),HAKUNAMATA:舵,2025,1,4824,2025-01,2025-01-31
Colde (콜드),Love Part 1,2019,6,7554,2019-06,2019-06-30
Colde (콜드),Wave,2018,9,1035,2018-09,2018-09-30
D-CRUNCH (디크런치),0806,2018,8,1105,2018-08,2018-08-31
D-CRUNCH (디크런치),M1112,2018,11,1487,2018-11,2018-11-30
D-CRUNCH (디크런치),비상 - Across The Universe,2020,10,1871,2020-10,2020-10-31
DAY6,Band Aid,2024,9,157744,2024-09,2024-09-30
DAY6,DAYDREAM,2016,3,14899,2016-03,2016-03-31
DAY6,Fourever,2024,3,144742,2024-03,2024-03-31
DAY6,MOONRISE,2017,12,61715,2017-12,2017-12-31
DAY6,Remember Us : Youth Part 2,2018,12,61562,2018-12,2018-12-31
DAY6,SUNRISE,2017,6,51893,2017-06,2017-06-30
DAY6,Shoot Me : Youth Part 1,2018,6,68441,2018-06,2018-06-30
DAY6,The Book of Us : Entropy,2019,10,64911,2019-10,2019-10-31
DAY6,The Book of Us : Gravity,2019,7,62847,2019-07,2019-07-31
DAY6,The Book of Us : Negentropy - Chaos swallowed up in love,2021,4,114920,2021-04,2021-04-30
DAY6,The Book of Us : The Demon,2020,5,87903,2020-05,2020-05-31
DAY6,The Day,2015,9,11458,2015-09,2015-09-30
DAY6 (Even of Day),Right Through Me,2021,7,71099,2021-07,2021-07-31
DAY6 (Even of Day),The Book of Us : Gluon - Nothing can tear us apart,2020,8,82669,2020-08,2020-08-31
DEAN,130 MOOD : TRBL,2016,3,21118,2016-03,2016-03-31
DJ 한용진,DJ 한용진 토토즐 DJ SUPER MIX: 국가대표 댄스뮤직,2015,7,316,2015-07,2015-07-31
DK (김동혁),NAKSEO[戀],2024,2,10000,2024-02,2024-02-29
DKZ,2nd Mini Album `REBOOT`,2024,4,45866,2024-04,2024-04-30
DKZ,6th Single Album `CHASE EPISODE 2. MAUM`,2022,4,209839,2022-04,2022-04-30
DKZ,7th Single Album `CHASE EPISODE 3. BEUM`,2022,10,158704,2022-10,2022-10-31
DKZ,Year End Project Song `It`s All Right Part.3`,2022,12,18378,2022-12,2022-12-31
DONGKIZ,3rd Single Album `自我`,2020,9,3010,2020-09,2020-09-30
DONGKIZ,CHASE EPISODE 1. GGUM,2022,3,5566,2022-03,2022-03-31
DONGKIZ I:KAN,The 1st DONGKIZ Project - DONGKIZ I:KAN 1st single album [Y.O.U],2020,7,1951,2020-07,2020-07-31
DPR LIVE,Coming To You Live,2017,3,880,2017-03,2017-03-31
DPR LIVE,Her,2017,12,2721,2017-12,2017-12-31
DPR LIVE,IITE COOL,2021,7,19659,2021-07,2021-07-31
DPR LIVE,IS ANYBODY OUT THERE?,2020,3,9976,2020-03,2020-03-31
DRIPPIN(드리핀),1st Mini Album [Boyager],2020,10,52832,2020-10,2020-10-31
DRIPPIN(드리핀),1st Single Album [Free Pass],2021,6,37596,2021-06,2021-06-30
DRIPPIN(드리핀),2nd Mini Album [A Better Tomorrow],2021,3,47597,2021-03,2021-03-31
DRIPPIN(드리핀),2nd Single Album [Villain : ZERO],2022,6,28023,2022-06,2022-06-30
DRIPPIN(드리핀),3rd Mini Album [Villain],2022,1,31061,2022-01,2022-01-31
DRIPPIN(드리핀),Beautiful MAZE,2024,4,12028,2024-04,2024-04-30
DRIPPIN(드리핀),SEVEN SINS,2023,4,64676,2023-04,2023-04-30
DRIPPIN(드리핀),Villain : The End,2022,11,40712,2022-11,2022-11-30
DRIPPIN(드리핀),Weekend,2024,8,61686,2024-08,2024-08-31
DXMON,HYPERSPACE,2024,1,8669,2024-01,2024-01-31
DXMON,HYPERSPACE 911,2024,5,28676,2024-05,2024-05-31
DXMON,Youth Never DIE,2024,10,14573,2024-10,2024-10-31
Dal★Shabet (달샤벳),Joker is Alive,2015,4,3103,2015-04,2015-04-30
Dal★shabet (달샤벳),FRI. SAT. SUN,2016,9,2610,2016-09,2016-09-30
Dal★shabet (달샤벳),The 9th Mini Album `Naturalness`,2016,1,3859,2016-01,2016-01-31
Def.,LOVE.,2022,1,52724,2022-01,2022-01-31
Def.,abandoned love.,2022,11,14377,2022-11,2022-11-30
Dragon Pony,Not Out,2025,3,8737,2025-03,2025-03-31
Drug Restaurant,Pomade,2017,8,3859,2017-08,2017-08-31
E SENS,Marigold Tapes LP,2020,11,2750,2020-11,2020-11-30
E SENS,저금통,2023,7,23601,2023-07,2023-07-31
E Sens,The Anecdote,2015,8,18554,2015-08,2015-08-31
E Sens,The Anecdote LP,2017,9,1000,2017-09,2017-09-30
E Sens,이방인,2019,7,18101,2019-07,2019-07-31
EL7Z UP (엘즈업),7+UP,2023,9,38456,2023-09,2023-09-30
ELRIS,"WE, first",2017,6,4344,2017-06,2017-06-30
ELSIE (은정),I'm good,2015,5,6517,2015-05,2015-05-31
ELSIE (은정),굿바이,2015,10,2552,2015-10,2015-10-31
ENHYPEN,BORDER : CARNIVAL,2021,4,950510,2021-04,2021-04-30
ENHYPEN,BORDER : DAY ONE,2020,11,702946,2020-11,2020-11-30
ENHYPEN,DARK BLOOD,2023,5,1846897,2023-05,2023-05-31
ENHYPEN,DARK MOON SPECIAL ALBUM ＜ MEMORABILIA ＞,2024,5,262749,2024-05,2024-05-31
ENHYPEN,DIMENSION : ANSWER,2022,1,867846,2022-01,2022-01-31
ENHYPEN,DIMENSION : DILEMMA,2021,10,1519230,2021-10,2021-10-31
ENHYPEN,MANIFESTO : DAY 1,2022,7,1583108,2022-07,2022-07-31
ENHYPEN,ORANGE BLOOD,2023,11,2305318,2023-11,2023-11-30
ENHYPEN,ROMANCE : UNTOLD,2024,7,3012648,2024-07,2024-07-31
ENHYPEN,ROMANCE : UNTOLD -daydream-,2024,11,1510966,2024-11,2024-11-30
ENOi,W.A.Y,2020,8,5779,2020-08,2020-08-31
EPEX (이펙스),1st Album 소화 1장 : 청춘 시절,2024,4,178840,2024-04,2024-04-30
EPEX (이펙스),1st EP Album `Bipolar Pt.1 불안의 서`,2021,6,49540,2021-06,2021-06-30
EPEX (이펙스),2nd Album 소화,2024,11,82640,2024-11,2024-11-30
EPEX (이펙스),2nd Album 소화 2장 : 청춘 결핍,2024,11,122289,2024-11,2024-11-30
EPEX (이펙스),2nd EP Album `Bipolar Pt.2 사랑의 서`,2021,10,95761,2021-10,2021-10-31
EPEX (이펙스),3rd EP Album 불안의 서 챕터 1. `21세기 소년들`,2022,4,71404,2022-04,2022-04-30
EPEX (이펙스),4th EP Album 사랑의 서 챕터 1. `Puppy Love`,2022,10,99998,2022-10,2022-10-31
EPEX (이펙스),5th EP Album 사랑의 서 챕터 2. `성장통`,2023,4,109046,2023-04,2023-04-30
EPEX (이펙스),6th EP Album 불안의 서 챕터 2. `Can We Surrender?`,2023,10,214099,2023-10,2023-10-31
EVERGLOW (에버글로우),-77.82X-78.29,2020,9,45740,2020-09,2020-09-30
EVERGLOW (에버글로우),ALL MY GIRLS,2023,8,38473,2023-08,2023-08-31
EVERGLOW (에버글로우),ARRIVAL OF EVERGLOW,2019,3,18961,2019-03,2019-03-31
EVERGLOW (에버글로우),HUSH,2019,8,20662,2019-08,2019-08-31
EVERGLOW (에버글로우),Last Melody,2021,5,52934,2021-05,2021-05-31
EVERGLOW (에버글로우),Return of The Girl,2021,12,46015,2021-12,2021-12-31
EVERGLOW (에버글로우),ZOMBIE,2024,6,29808,2024-06,2024-06-30
EVERGLOW (에버글로우),reminiscence,2020,2,27214,2020-02,2020-02-29
EVNNE(이븐),HOT MESS,2025,2,209296,2025-02,2025-02-28
EVNNE(이븐),RIDE or DIE,2024,6,201772,2024-06,2024-06-30
EVNNE(이븐),Target: ME,2023,9,263710,2023-09,2023-09-30
EVNNE(이븐),Un: SEEN,2024,1,184890,2024-01,2024-01-31
EXID,AH YEAH,2015,4,21072,2015-04,2015-04-30
EXID,Eclipse,2017,4,15102,2017-04,2017-04-30
EXID,Full Moon,2017,11,17156,2017-11,2017-11-30
EXID,STREET,2016,6,19976,2016-06,2016-06-30
EXID,WE,2019,5,24423,2019-05,2019-05-31
EXID,X,2022,9,16649,2022-09,2022-09-30
EXID,내일해,2018,4,14633,2018-04,2018-04-30
EXID,알러뷰,2018,11,15999,2018-11,2018-11-30
EXO,12월의 기적,2015,1,31745,2015-01,2015-01-31
EXO,DON`T FIGHT THE FEELING - Special Album,2021,6,1334682,2021-06,2021-06-30
EXO,DON`T MESS UP MY TEMPO - The 5th Album,2018,11,1452030,2018-11,2018-11-30
EXO,EXIST - The 7th Album,2023,7,1900842,2023-07,2023-07-31
EXO,EXODUS,2015,3,503072,2015-03,2015-03-31
EXO,EXOLOGY CHAPTER 1: THE LOST PLANET,2015,1,1001,2015-01,2015-01-31
EXO,EX’ACT - The 3rd Album,2016,6,563359,2016-06,2016-06-30
EXO,"For Life - 겨울 스페셜 앨범, 2016",2016,12,442592,2016-12,2016-12-31
EXO,LOTTO - The 3rd Album Repackage,2016,8,265282,2016-08,2016-08-31
EXO,LOVE ME RIGHT - The 2nd Album Repackage,2015,6,357111,2015-06,2015-06-30
EXO,LOVE SHOT - The 5th Album Repackage,2018,12,527228,2018-12,2018-12-31
EXO,OBSESSION - The 6th Album,2019,11,826836,2019-11,2019-11-30
EXO,Sing For You,2015,12,341840,2015-12,2015-12-31
EXO,THE WAR - The 4th Album,2017,7,994258,2017-07,2017-07-31
EXO,The Power Of Music - The 4th Album Repackage,2017,9,505156,2017-09,2017-09-30
EXO,"Universe - 겨울 스페셜 앨범, 2017",2017,12,565935,2017-12,2017-12-31
EXO,XOXO,2015,1,30339,2015-01,2015-01-31
EXO,정규1집 리패키지 XOXO,2015,1,65359,2015-01,2015-01-31
EXO-CBX (첸백시),Blooming Days - The 2nd Mini Album,2018,4,362357,2018-04,2018-04-30
EXO-CBX (첸백시),Hey Mama! - The 1st Mini Album,2016,10,300137,2016-10,2016-10-31
EXO-K,`MAMA` EXO-K The 1st Mini Album,2015,1,55422,2015-01,2015-01-31
EXO-K,중독,2015,1,33183,2015-01,2015-01-31
Emmanuel Kilem,Align with Jerusalem,2019,4,2037,2019-04,2019-04-30
FANA(화나),FANACONDA,2017,5,900,2017-05,2017-05-31
FANATICS (파나틱스),PLUS TWO,2020,5,1405,2020-05,2020-05-31
FANATICS (파나틱스),THE SIX,2019,8,2026,2019-08,2019-08-31
FANATICS-FLAVOR(파나틱스-플레이버),FANATICS 1st Unit FLAVOR Single Album `MILKSHAKE`,2018,11,1020,2018-11,2018-11-30
FANTASY BOYS,MAKE SUNSHINE,2024,5,52412,2024-05,2024-05-31
FANTASY BOYS,NEW TOMORROW,2023,9,105954,2023-09,2023-09-30
FANTASY BOYS,Potential,2023,11,33570,2023-11,2023-11-30
FAVORITE,My Favorite,2017,7,1037,2017-07,2017-07-31
FAVORITE,The 2nd MINI ALBUM `Love Loves To Love Love`,2018,5,1061,2018-05,2018-05-31
FIFTY FIFTY,Love Tune,2024,9,38065,2024-09,2024-09-30
FIFTY FIFTY,The Beginning: Cupid,2023,3,37390,2023-03,2023-03-31
FTISLAND (FT 아일랜드),FTISLAND 10th Anniversary Album `OVER 10 YEARS`,2017,6,29512,2017-06,2017-06-30
FTISLAND (FT 아일랜드),FTISLAND 6th ALBUM 'Where's the truth?',2016,7,41440,2016-07,2016-07-31
FTISLAND (FT 아일랜드),I WILL,2015,3,47660,2015-03,2015-03-31
FTISLAND (FT 아일랜드),LOCK UP,2021,12,17131,2021-12,2021-12-31
FTISLAND (FT 아일랜드),Sage,2023,9,18244,2023-09,2023-09-30
FTISLAND (FT 아일랜드),Serious,2024,7,18432,2024-07,2024-07-31
FTISLAND (FT 아일랜드),ZAPPING,2019,9,22632,2019-09,2019-09-30
FTISLAND (FT아일랜드),6TH MINI ALBUM [WHAT IF],2018,7,23903,2018-07,2018-07-31
G-Dragon,One Of A Kind,2015,3,6978,2015-03,2015-03-31
G-Dragon,Ubermensch,2025,2,1057156,2025-02,2025-02-28
G-Dragon,권지용,2024,12,8756,2024-12,2024-12-31
G-Dragon,쿠데타,2016,8,3826,2016-08,2016-08-31
G.Soul,Coming Home,2015,1,1060,2015-01,2015-01-31
GD X TAEYANG,GOOD BOY,2015,1,2639,2015-01,2015-01-31
"GD, TOP (빅뱅)",GD & TOP,2015,7,310,2015-07,2015-07-31
GENBLUE (젠블루),ACT LIKE THAT,2025,3,16102,2025-03,2025-03-31
GHOST9,ARCADE : O,2023,10,6920,2023-10,2023-10-31
GHOST9,ARCADE : V,2022,4,18658,2022-04,2022-04-30
GHOST9,NOW : When we are in Love,2021,6,11040,2021-06,2021-06-30
GHOST9,"NOW : Where we are, here",2021,3,7774,2021-03,2021-03-31
GHOST9,NOW : Who we are facing,2021,11,11810,2021-11,2021-11-30
GHOST9,PRE EPISODE 1 : DOOR,2020,9,11923,2020-09,2020-09-30
GHOST9,PRE EPISODE 2 : W.ALL,2020,12,8797,2020-12,2020-12-31
GOOD DAY (굿데이),ALL DAY GOOD DAY,2017,8,1728,2017-08,2017-08-31
GOT the beat,Stamp On It - The 1st Mini Album,2023,1,174299,2023-01,2023-01-31
GOT7,7 for 7,2017,10,382659,2017-10,2017-10-31
GOT7,Breath of Love : Last Piece,2020,11,355886,2020-11,2020-11-30
GOT7,Call My Name,2019,11,301756,2019-11,2019-11-30
GOT7,DYE,2020,4,456576,2020-04,2020-04-30
GOT7,Eyes On You,2018,3,339929,2018-03,2018-03-31
GOT7,FLIGHT LOG : ARRIVAL,2017,3,336996,2017-03,2017-03-31
GOT7,FLIGHT LOG : DEPARTURE,2016,3,184842,2016-03,2016-03-31
GOT7,FLIGHT LOG : TURBULENCE,2016,9,240989,2016-09,2016-09-30
GOT7,GOT7,2022,5,457836,2022-05,2022-05-31
GOT7,GOT♡,2015,1,7568,2015-01,2015-01-31
GOT7,Got it ?,2015,1,13265,2015-01,2015-01-31
GOT7,Identify,2015,1,28399,2015-01,2015-01-31
GOT7,Just right,2015,7,115407,2015-07,2015-07-31
GOT7,MAD,2015,9,116216,2015-09,2015-09-30
GOT7,MAD Winter Edition,2015,11,29795,2015-11,2015-11-30
GOT7,Present : YOU,2018,9,333565,2018-09,2018-09-30
GOT7,SPINNING TOP : BETWEEN SECURITY & INSECURITY,2019,5,314449,2019-05,2019-05-31
GOT7,WINTER HEPTAGON,2025,1,179220,2025-01,2025-01-31
GOT7,`Present : YOU` &ME Edition,2018,12,190285,2018-12,2018-12-31
GRAY (그레이),grayground.,2021,8,4500,2021-08,2021-08-31
Gary (개리),2002,2015,9,6819,2015-09,2015-09-30
Gary (개리),Mr.Gae,2015,2,483,2015-02,2015-02-28
"H&D (한결,도현)",SOULMATE,2020,4,28718,2020-04,2020-04-30
"H&D (한결,도현)",Umbrella,2020,9,6549,2020-09,2020-09-30
H1-KEY,1st Mini Album [Rose Blossom],2023,1,36025,2023-01,2023-01-31
H1-KEY,2nd Mini Album [Seoul Dreaming],2023,8,67779,2023-08,2023-08-31
H1-KEY,3rd Mini Album [LOVE or HATE],2024,6,8344,2024-06,2024-06-30
H1GHR MUSIC,H1GHR : RED TAPE & H1GHR : BLUE TAPE,2020,10,7661,2020-10,2020-10-31
HIGH4,HIGH4 2nd Mini Album `BLESSED`,2017,2,6320,2017-02,2017-02-28
HIGH4 20,Hook가,2016,10,2875,2016-10,2016-10-31
HORI7ON(호라이즌),Friend-SHIP,2023,7,59177,2023-07,2023-07-31
HOYA (호야),Shower,2018,3,10818,2018-03,2018-03-31
Harry Styles,Fine Line,2019,12,1135,2019-12,2019-12-31
Hearts2Hearts,The Chase,2025,2,420032,2025-02,2025-02-28
HoooW(호우),친구는 이제 끝내기로 해,2019,8,7226,2019-08,2019-08-31
I.M (아이엠),OVERDRIVE,2023,6,128288,2023-06,2023-06-30
I.M (아이엠),Off The Beat,2024,4,119077,2024-04,2024-04-30
ICHILLIN` (아이칠린),Feelin` Hot,2024,3,9700,2024-03,2024-03-31
ICHILLIN` (아이칠린),I`M ON IT!,2023,7,6673,2023-07,2023-07-31
IN A MINUTE,1st Single [ Unboxing: `What You Wanted` ],2025,3,9844,2025-03,2025-03-31
IN2IT (인투잇),Carpe Diem,2017,10,31784,2017-10,2017-10-31
IN2IT (인투잇),PUZZLE,2019,11,1780,2019-11,2019-11-30
ITZY (있지),BORN TO BE,2024,1,568106,2024-01,2024-01-31
ITZY (있지),CHECKMATE,2022,7,1025434,2022-07,2022-07-31
ITZY (있지),CHESHIRE,2022,11,1056316,2022-11,2022-11-30
ITZY (있지),CRAZY IN LOVE,2021,9,631235,2021-09,2021-09-30
ITZY (있지),GOLD,2024,10,705440,2024-10,2024-10-31
ITZY (있지),GUESS WHO,2021,4,348214,2021-04,2021-04-30
ITZY (있지),IT`z ICY,2019,7,184601,2019-07,2019-07-31
ITZY (있지),IT`z ME,2020,3,169216,2020-03,2020-03-31
ITZY (있지),KILL MY DOUBT,2023,7,1288725,2023-07,2023-07-31
ITZY (있지),Not Shy,2020,8,232164,2020-08,2020-08-31
IVE (아이브),After LIKE,2022,8,1737290,2022-08,2022-08-31
IVE (아이브),ELEVEN,2021,12,535693,2021-12,2021-12-31
IVE (아이브),IVE EMPATHY,2025,2,1476740,2025-02,2025-02-28
IVE (아이브),IVE SWITCH,2024,4,1736761,2024-04,2024-04-30
IVE (아이브),I`VE MINE,2023,10,2107847,2023-10,2023-10-31
IVE (아이브),I`ve IVE,2023,4,1700515,2023-04,2023-04-30
IVE (아이브),LOVE DIVE,2022,4,1012075,2022-04,2022-04-30
IZ (아이즈),IZ 1ST MINI ALBUM `ALL YOU WANT`,2017,8,2776,2017-08,2017-08-31
IZ*ONE (아이즈원),BLOOM*IZ,2020,2,480543,2020-02,2020-02-29
IZ*ONE (아이즈원),COLOR*IZ,2018,10,274157,2018-10,2018-10-31
IZ*ONE (아이즈원),HEART*IZ,2019,4,300449,2019-04,2019-04-30
IZ*ONE (아이즈원),One-reeler / Act IV,2020,12,445809,2020-12,2020-12-31
IZ*ONE (아이즈원),One-reeler / Act Ⅳ,2020,12,19051,2020-12,2020-12-31
IZ*ONE (아이즈원),Oneiric Diary,2020,6,580922,2020-06,2020-06-30
JAY B,Archive 1: [Road Runner],2024,11,32906,2024-11,2024-11-30
JAY B,Be Yourself,2022,9,51453,2022-09,2022-09-30
JAY B,SOMO:FUME,2021,8,99367,2021-08,2021-08-31
JAY B,Seasonal Hiatus,2023,2,11429,2023-02,2023-02-28
JBJ,FANTASY,2017,10,135839,2017-10,2017-10-31
JBJ,NEW MOON,2018,4,61522,2018-04,2018-04-30
JBJ,True Colors,2018,1,123034,2018-01,2018-01-31
JBJ95,1st MINI ALBUM `HOME`,2018,10,54236,2018-10,2018-10-31
JBJ95,AWAKE,2019,3,45145,2019-03,2019-03-31
JBJ95,JASMIN,2020,10,18645,2020-10,2020-10-31
JBJ95,SPARK,2019,8,31915,2019-08,2019-08-31
JD1,ERROR 405,2024,5,49393,2024-05,2024-05-31
JD1,책임져,2024,10,37373,2024-10,2024-10-31
JINI (지니),An Iron Hand In A Velvet Glove,2023,10,61904,2023-10,2023-10-31
JINU (김진우),JINU`s HEYDAY,2019,8,50569,2019-08,2019-08-31
JJ Project,Bounce,2017,7,673,2017-07,2017-07-31
JJ Project,Verse 2,2017,7,119468,2017-07,2017-07-31
JUNG DAE HYUN (정대현),Chapter2 “27”,2019,4,4400,2019-04,2019-04-30
JUST B (저스트비),=,2022,11,53478,2022-11,2022-11-30
JUST B (저스트비),JUST BEAT,2021,10,28221,2021-10,2021-10-31
JUST B (저스트비),JUST BEGUN,2022,4,53030,2022-04,2022-04-30
JUST B (저스트비),JUST BURN,2021,7,18162,2021-07,2021-07-31
JUST B (저스트비),÷,2023,10,17061,2023-10,2023-10-31
JUSTHIS & Paloalto (저스디스 & 팔로알토),4 the Youth,2018,3,1541,2018-03,2018-03-31
JYJ,JUST US,2015,1,3481,2015-01,2015-01-31
Jackson Wang,MAGIC MAN,2022,10,89913,2022-10,2022-10-31
Jazzyfact (재지팩트),Waves Like,2017,10,1722,2017-10,2017-10-31
Jessica (제시카),Beep Beep,2023,11,50222,2023-11,2023-11-30
Jessica (제시카),My Decade,2017,8,44684,2017-08,2017-08-31
Jessica (제시카),WONDERLAND,2016,12,39774,2016-12,2016-12-31
Jessica (제시카),"With Love, J",2016,5,79060,2016-05,2016-05-31
Ji-Hae Park,Baroque In Rock,2015,9,1867,2015-09,2015-09-30
Jus2 (저스투),FOCUS,2019,3,89107,2019-03,2019-03-31
KARD,1st Mini Album `Hola Hola`,2017,7,18343,2017-07,2017-07-31
KARD,1st Single `Way With Words`,2020,8,11474,2020-08,2020-08-31
KARD,2nd Mini Album `YOU & ME`,2017,11,12775,2017-11,2017-11-30
KARD,3rd Mini Album `RIDE ON THE WIND`,2018,7,7681,2018-07,2018-07-31
KARD,4th Mini Album 'RED MOON',2020,2,6520,2020-02,2020-02-29
KARD,5th Mini Album `Re:`,2022,6,26813,2022-06,2022-06-30
KARD,7th Mini Album `Where To Now?`,2024,8,6286,2024-08,2024-08-31
KARD,ICKY,2023,5,9969,2023-05,2023-05-31
KCM,Reflection Of Mind,2016,11,4922,2016-11,2016-11-30
KINGDOM (킹덤),History Of Kingdom : Part Ⅳ. Dann,2022,3,43500,2022-03,2022-03-31
KINGDOM (킹덤),History Of Kingdom : Part Ⅵ. Mujin,2023,3,57201,2023-03,2023-03-31
KINGDOM (킹덤),History Of Kingdom : Part Ⅶ. JAHAN,2023,10,36445,2023-10,2023-10-31
KINGDOM (킹덤),History Of Kingdom : PartⅡ. Chiwoo,2021,7,11376,2021-07,2021-07-31
KINGDOM (킹덤),History Of Kingdom : PartⅢ. Ivan,2021,10,14405,2021-10,2021-10-31
KINGDOM (킹덤),History Of Kingdom : PartⅤ. Louis,2022,10,49144,2022-10,2022-10-31
KINGDOM (킹덤),History Of Kingdom: PartⅠ. Arthur,2021,2,4144,2021-02,2021-02-28
KINO,"If this is love, I want a refund",2024,5,15377,2024-05,2024-05-31
KISS OF LIFE,Born to be XX,2023,11,56373,2023-11,2023-11-30
KISS OF LIFE,KISS OF LIFE,2023,7,24472,2023-07,2023-07-31
KISS OF LIFE,Lose Yourself,2024,10,114796,2024-10,2024-10-31
KISS OF LIFE,Midas Touch,2024,4,100607,2024-04,2024-04-30
Kei (김지연),1st Mini Album 'OVER AND OVER',2019,10,14480,2019-10,2019-10-31
Kep1er (케플러),DOUBLAST,2022,6,346575,2022-06,2022-06-30
Kep1er (케플러),FIRST IMPACT,2022,1,389542,2022-01,2022-01-31
Kep1er (케플러),Kep1going On,2024,6,110789,2024-06,2024-06-30
Kep1er (케플러),LOVESTRUCK!,2023,4,192376,2023-04,2023-04-30
Kep1er (케플러),Magic Hour,2023,9,137529,2023-09,2023-09-30
Kep1er (케플러),TROUBLESHOOTER,2022,10,263053,2022-10,2022-10-31
Kep1er (케플러),The 6th Mini Album 〈TIPI-TAP〉,2024,11,176808,2024-11,2024-11-30
KickFlip(킥플립),"Flip it, Kick it!",2025,1,328077,2025-01,2025-01-31
Kid Milli,BEIGE 0.5,2020,4,2549,2020-04,2020-04-30
"Kid Milli, dress",Cliche,2021,5,4256,2021-05,2021-05-31
KiiiKiii (키키),UNCUT GEM,2025,3,207435,2025-03,2025-03-31
LE SSERAFIM (르세라핌),ANTIFRAGILE,2022,10,1202969,2022-10,2022-10-31
LE SSERAFIM (르세라핌),CRAZY,2024,8,819946,2024-08,2024-08-31
LE SSERAFIM (르세라핌),EASY,2024,2,1170954,2024-02,2024-02-29
LE SSERAFIM (르세라핌),FEARLESS,2022,5,517438,2022-05,2022-05-31
LE SSERAFIM (르세라핌),HOT,2025,3,689912,2025-03,2025-03-31
LE SSERAFIM (르세라핌),UNFORGIVEN,2023,5,1569823,2023-05,2023-05-31
LE`V (레비),A.I.BAE,2023,8,66139,2023-08,2023-08-31
LIGHTSUM,Honey or Spice,2023,10,19412,2023-10,2023-10-31
LIGHTSUM,Into The Light,2022,5,17902,2022-05,2022-05-31
LIGHTSUM,Light a Wish,2021,10,28416,2021-10,2021-10-31
LIGHTSUM,Vanilla,2021,6,41143,2021-06,2021-06-30
LIMELIGHT (라임라잇),DEBUT EP `LOVE & HAPPINESS`,2023,2,39241,2023-02,2023-02-28
LIMELIGHT (라임라잇),LAST DANCE,2024,1,43841,2024-01,2024-01-31
LIMELIGHT (라임라잇),MADELEINE,2023,8,10500,2023-08,2023-08-31
LUCY,BLUE,2021,12,27291,2021-12,2021-12-31
LUCY,Boogie Man,2023,12,20000,2023-12,2023-12-31
LUCY,Childhood,2022,8,38701,2022-08,2022-08-31
LUCY,FROM.,2024,8,50000,2024-08,2024-08-31
LUCY,Gatcha!,2021,6,16855,2021-06,2021-06-30
LUCY,INSERT COIN,2023,2,40362,2023-02,2023-02-28
LUCY,INSIDE,2021,2,3965,2021-02,2021-02-28
LUCY,PANORAMA,2020,8,2480,2020-08,2020-08-31
LUCY,선잠,2020,11,3172,2020-11,2020-11-30
LUCY,열,2023,8,49950,2023-08,2023-08-31
LUN8(루네이트),AWAKENING,2024,8,107151,2024-08,2024-08-31
LUN8(루네이트),BUFF,2024,3,94722,2024-03,2024-03-31
LUN8(루네이트),나비,2025,2,56618,2025-02,2025-02-28
Lang Lang,PIANO BOOK,2019,7,1389,2019-07,2019-07-31
Loossemble (루셈블),Loossemble,2023,9,58256,2023-09,2023-09-30
Loossemble (루셈블),One of a Kind,2024,4,64527,2024-04,2024-04-30
Loossemble (루셈블),TTYL,2024,9,34578,2024-09,2024-09-30
M&D(미아리&단계동),家內手工業,2015,4,26415,2015-04,2015-04-30
M.A.P 6,Storm,2015,11,1095,2015-11,2015-11-30
MADEIN (메이딘),MADEIN FOREVER,2025,2,58382,2025-02,2025-02-28
MADEIN (메이딘),상승,2024,9,53829,2024-09,2024-09-30
MAP6,MOMENTUM,2017,5,971,2017-05,2017-05-31
MAP6,매력발산타임,2016,5,1196,2016-05,2016-05-31
MC 스나이퍼,B-KITE 2,2015,11,552,2015-11,2015-11-30
MCND,EARTH AGE,2020,8,29665,2020-08,2020-08-31
MCND,MCND AGE,2021,1,25560,2021-01,2021-01-31
MCND,ODD-VENTURE,2023,11,22642,2023-11,2023-11-30
MCND,THE EARTH : SECRET MISSION Chapter.1,2021,8,26911,2021-08,2021-08-31
MCND,THE EARTH : SECRET MISSION Chapter.2,2022,7,17666,2022-07,2022-07-31
MCND,X10,2024,5,35554,2024-05,2024-05-31
MCND,into the ICE AGE,2020,3,19586,2020-03,2020-03-31
MC몽,CHANNEL 8,2019,11,1515,2019-11,2019-11-30
MC몽,SONG FOR YOU,2015,3,2054,2015-03,2015-03-31
MC몽,U.F.O,2016,11,1485,2016-11,2016-11-30
"MFBTY(윤미래, 타이거JK, Bizzy)",Wonda Land,2015,3,2482,2015-03,2015-03-31
MIMIIROSE(미미로즈),AWESOME,2022,9,9807,2022-09,2022-09-30
MINO (송민호),"""TO INFINITY.""",2021,12,97903,2021-12,2021-12-31
MINO (송민호),TAKE,2020,11,114008,2020-11,2020-11-30
MINO (송민호),XX,2018,11,72659,2018-11,2018-11-30
MOBB,The MOBB,2016,9,31744,2016-09,2016-09-30
MVP (엠브이피),MANIFEST,2017,3,662,2017-03,2017-03-31
MXM (BRANDNEW BOYS),UNMIX,2017,9,59526,2017-09,2017-09-30
MXM (BRANDNEWBOYS),2ND MINI ALBUM [MATCH UP],2018,1,46982,2018-01,2018-01-31
MXM (BRANDNEWBOYS),MORE THAN EVER,2018,8,36994,2018-08,2018-08-31
Maurizio Pollini,"Chopin: Nocturnes, Mazurkas, Berceuse, Sonata Op.58",2019,2,1525,2019-02,2019-02-28
Mill (OnlyOneOf),undergrOund idOl #5,2022,12,4366,2022-12,2022-12-31
NATURE (네이처),I`m So Pretty,2019,7,7951,2019-07,2019-07-31
NATURE (네이처),NATURE WORLD: CODE A,2019,11,13532,2019-11,2019-11-30
NATURE (네이처),NATURE WORLD: CODE M,2020,6,7272,2020-06,2020-06-30
NATURE (네이처),기분 좋아,2018,8,1041,2018-08,2018-08-31
NATURE (네이처),썸&러브,2018,11,1128,2018-11,2018-11-30
NCT,Golden Age - The 4th Album,2023,8,1043860,2023-08,2023-08-31
NCT,NCT 2018 EMPATHY,2018,3,650235,2018-03,2018-03-31
NCT,NCT RESONANCE Pt. 1 - The 2nd Album,2020,10,1666112,2020-10,2020-10-31
NCT,NCT RESONANCE Pt. 2 - The 2nd Album,2020,11,1587626,2020-11,2020-11-30
NCT,Universe - The 3rd Album,2021,12,1845225,2021-12,2021-12-31
NCT 127,Ay-Yo - The 4th Album Repackage,2023,1,1226900,2023-01,2023-01-31
NCT 127,Be There For Me,2023,12,962128,2023-12,2023-12-31
NCT 127,Fact Check - The 5th Album,2023,10,1859763,2023-10,2023-10-31
NCT 127,Favorite - The 3rd Album Repackage,2021,10,1166944,2021-10,2021-10-31
NCT 127,NCT #127 - The 1st Mini Album,2016,7,150979,2016-07,2016-07-31
NCT 127,NCT #127 CHERRY BOMB - The 3rd Mini Album,2017,6,226595,2017-06,2017-06-30
NCT 127,NCT #127 Limitless - The 2nd Mini Album,2017,1,217851,2017-01,2017-01-31
NCT 127,NCT #127 Neo Zone - The 2nd Album,2020,3,1058341,2020-03,2020-03-31
NCT 127,NCT #127 Neo Zone The Final Round - The 2nd Album Repackage,2020,5,711128,2020-05,2020-05-31
NCT 127,NCT #127 Regular-Irregular - The 1st Album,2018,10,332765,2018-10,2018-10-31
NCT 127,NCT #127 Regulate - The 1st Album Repackage,2018,11,247307,2018-11,2018-11-30
NCT 127,NCT #127 WE ARE SUPERHUMAN - The 4th Mini Album,2019,5,410215,2019-05,2019-05-31
NCT 127,Sticker - The 3rd Album,2021,9,2439350,2021-09,2021-09-30
NCT 127,WALK - The 6th Album,2024,7,1120628,2024-07,2024-07-31
NCT 127,질주,2022,9,154756,2022-09,2022-09-30
NCT 127,질주 - The 4th Album,2022,9,1827211,2022-09,2022-09-30
NCT DREAM,Beatbox - The 2nd Album Repackage,2022,5,1522181,2022-05,2022-05-31
NCT DREAM,Candy - Winter Special Mini Album,2022,12,2065685,2022-12,2022-12-31
NCT DREAM,DREAM,2024,3,311704,2024-03,2024-03-31
NCT DREAM,DREAMSCAPE,2024,3,3781290,2024-03,2024-03-31
NCT DREAM,Glitch Mode - The 2nd Album,2022,3,2108183,2022-03,2022-03-31
NCT DREAM,Hello Future - The 1st Album Repackage,2021,6,1371417,2021-06,2021-06-30
NCT DREAM,ISTJ - The 3rd Album,2023,7,4359921,2023-07,2023-07-31
NCT DREAM,Reload,2020,4,798131,2020-04,2020-04-30
NCT DREAM,The First - The 1st Single Album,2017,2,271992,2017-02,2017-02-28
NCT DREAM,We Boom - The 3rd Mini Album,2019,7,640023,2019-07,2019-07-31
NCT DREAM,We Go Up - The 2nd Mini Album,2018,9,373047,2018-09,2018-09-30
NCT DREAM,We Young - The 1st Mini Album,2017,8,205713,2017-08,2017-08-31
NCT DREAM,맛 - The 1st Album,2021,5,2147695,2021-05,2021-05-31
NCT U,Do It,2024,1,32158,2024-01,2024-01-31
NCT WISH,Songbird,2024,7,515415,2024-07,2024-07-31
NCT WISH,Steady - The 1st Mini Album,2024,9,852769,2024-09,2024-09-30
NCT WISH,WISH,2024,3,470788,2024-03,2024-03-31
NCT 도재정,Perfume - The 1st Mini Album,2023,4,785551,2023-04,2023-04-30
NEWBEAT,RAW AND RAD,2025,3,8669,2025-03,2025-03-31
NEXZ (넥스지),NALLINA,2024,11,169857,2024-11,2024-11-30
NEXZ (넥스지),Ride the Vibe,2024,5,138322,2024-05,2024-05-31
NINE to SIX,GOOD TO YOU,2023,5,61118,2023-05,2023-05-31
NINE.i (나인아이),NEW MIND,2023,8,34752,2023-08,2023-08-31
NINE.i (나인아이),The 2nd Mini Album [I],2022,11,8446,2022-11,2022-11-30
NMIXX,A Midsummer NMIXX`s Dream,2023,7,927889,2023-07,2023-07-31
NMIXX,AD MARE,2022,2,483603,2022-02,2022-02-28
NMIXX,ENTWURF,2022,9,562596,2022-09,2022-09-30
NMIXX,Fe3O4: BREAK,2024,1,778117,2024-01,2024-01-31
NMIXX,Fe3O4: FORWARD,2025,3,728808,2025-03,2025-03-31
NMIXX,Fe3O4: STICK OUT,2024,8,636345,2024-08,2024-08-31
NMIXX,expergo,2023,3,955422,2023-03,2023-03-31
NO:EL,DOUBLEONOEL,2018,7,1150,2018-07,2018-07-31
NOIR (느와르),2nd Mini album `TOPGUN`,2018,10,1226,2018-10,2018-10-31
NOIR (느와르),3rd Mini Album 'ABYSS',2019,6,1446,2019-06,2019-06-30
NOIR (느와르),NOIR 1st Mini album `Twenty`s Noir`,2018,4,1533,2018-04,2018-04-30
NOIR (느와르),Up the sky : 飛,2020,4,901,2020-04,2020-04-30
NOMAD (노매드),Call Me Back,2024,10,9585,2024-10,2024-10-31
NOWADAYS,NOWADAYS,2024,4,43254,2024-04,2024-04-30
NOWADAYS,NOWHERE,2024,8,76623,2024-08,2024-08-31
NRG,20세기,2017,10,1674,2017-10,2017-10-31
NS Yoon-G,"Sincerely,",2015,3,1788,2015-03,2015-03-31
NTB (엔티비),THE 1ST MINI ALBUM `DRAMATIC`,2018,5,1499,2018-05,2018-05-31
NTX (엔티엑스),Hold X,2024,7,17001,2024-07,2024-07-31
NTX (엔티엑스),ODD HOUR,2023,11,3695,2023-11,2023-11-30
NTX (엔티엑스),OVER TRACK,2025,3,18219,2025-03,2025-03-31
New Hope Club,New Hope Club,2020,2,1199,2020-02,2020-02-29
NewJeans,1st EP `New Jeans`,2022,8,1717273,2022-08,2022-08-31
NewJeans,2nd EP `Get Up`,2023,7,2214099,2023-07,2023-07-31
NewJeans,How Sweet,2024,5,1259220,2024-05,2024-05-31
NewJeans,Supernatural,2024,6,1341122,2024-06,2024-06-30
NewJeans,`OMG`,2023,1,1699861,2023-01,2023-01-31
NiziU (니쥬),LOVE LINE,2025,3,125206,2025-03,2025-03-31
NiziU (니쥬),Press Play,2023,10,159599,2023-10,2023-10-31
NouerA (누에라),Chapter: New is Now,2025,2,158117,2025-02,2025-02-28
ODD EYE CIRCLE,＜Version Up＞,2023,7,64019,2023-07,2023-07-31
OMEGA X (오메가엑스),1st Mini Album `VAMOS`,2021,6,18395,2021-06,2021-06-30
OMEGA X (오메가엑스),1st Single Album [WHAT`S GOIN` ON],2021,9,56703,2021-09,2021-09-30
OMEGA X (오메가엑스),LOVE ME LIKE,2022,1,88151,2022-01,2022-01-31
OMEGA X (오메가엑스),iykyk,2023,11,69112,2023-11,2023-11-30
OMEGA X (오메가엑스),樂서,2022,6,59207,2022-06,2022-06-30
ONE,ONE DAY,2017,7,8551,2017-07,2017-07-31
ONE,PRVT 01,2019,12,1442,2019-12,2019-12-31
ONE PACT (원팩트),Everyday X-MAS,2025,1,4993,2025-01,2025-01-31
ONE PACT (원팩트),Moment,2023,12,68472,2023-12,2023-12-31
ONE PACT (원팩트),PARADOXX,2024,6,41209,2024-06,2024-06-30
ONE PACT (원팩트),PINK CRUSH,2025,2,61929,2025-02,2025-02-28
ONE PACT (원팩트),[fallIn`],2024,10,38120,2024-10,2024-10-31
OnlyOneOf (온리원오브),Instinct Part. 1,2021,4,57048,2021-04,2021-04-30
OnlyOneOf (온리원오브),Instinct Part. 2,2022,1,51090,2022-01,2022-01-31
OnlyOneOf (온리원오브),Produced by [ ] Part 1,2020,5,20072,2020-05,2020-05-31
OnlyOneOf (온리원오브),Produced by [ ] Part 2,2020,8,31618,2020-08,2020-08-31
OnlyOneOf (온리원오브),Things I Can`t Say LOve,2024,1,41115,2024-01,2024-01-31
OnlyOneOf (온리원오브),dot point jump,2019,6,5077,2019-06,2019-06-30
OnlyOneOf (온리원오브),line sun goodness,2019,10,6072,2019-10,2019-10-31
OnlyOneOf (온리원오브),seOul cOllectiOn,2023,3,47852,2023-03,2023-03-31
P.O.P,Puzzle Of POP,2017,7,859,2017-07,2017-07-31
P1Harmony,DISHARMONY : BREAK OUT,2021,4,67150,2021-04,2021-04-30
P1Harmony,DISHARMONY : FIND OUT,2022,1,101361,2022-01,2022-01-31
P1Harmony,DISHARMONY : STAND OUT,2020,10,35847,2020-10,2020-10-31
P1Harmony,HARMONY : ALL IN,2023,6,269568,2023-06,2023-06-30
P1Harmony,HARMONY : SET IN,2022,11,159257,2022-11,2022-11-30
P1Harmony,HARMONY : ZERO IN,2022,7,111312,2022-07,2022-07-31
P1Harmony,SAD SONG,2024,9,311595,2024-09,2024-09-30
P1Harmony,때깔,2024,2,214118,2024-02,2024-02-29
PITTA (강형호),BE FREE,2023,4,9645,2023-04,2023-04-30
PITTA (강형호),ID: PITTA,2021,11,14900,2021-11,2021-11-30
PITTA (강형호),New Normal Life,2024,5,12980,2024-05,2024-05-31
PIXY (픽시),CHOSEN KARMA,2023,3,10854,2023-03,2023-03-31
PIXY (픽시),Fairyforest : Temptation,2021,10,6250,2021-10,2021-10-31
PIXY (픽시),REBORN,2022,6,8405,2022-06,2022-06-30
PLAVE,ASTERUM,2023,4,209566,2023-04,2023-04-30
PLAVE,ASTERUM : 134-1,2024,2,754971,2024-02,2024-02-29
PLAVE,ASTERUM : The Shape of Things to Come,2023,8,312252,2023-08,2023-08-31
PLAVE,`Caligo Pt.1`,2025,2,1181461,2025-02,2025-02-28
POW (파우),1st EP [Favorite],2023,11,19438,2023-11,2023-11-30
POW (파우),Boyfriend,2024,10,15000,2024-10,2024-10-31
PRISTIN (프리스틴),The 1st Mini Album `HI! PRISTIN`,2017,3,42299,2017-03,2017-03-31
PRISTIN (프리스틴),The 2nd Mini Album ‘SCHXXL OUT’,2017,8,27276,2017-08,2017-08-31
PRISTIN V,Like a V,2018,5,18301,2018-05,2018-05-31
Paul Merkelo,The Enlightened Trumpet,2019,9,1027,2019-09,2019-09-30
QWER,1st Mini Album `MANITO`,2024,4,51877,2024-04,2024-04-30
QWER,1st Single Album `Harmony from Discord`,2023,10,25433,2023-10,2023-10-31
QWER,2nd Mini Album `Algorithm`s Blossom`,2024,9,64910,2024-09,2024-09-30
Queen,BOHMEMIAN RHAPSODY Original Sound Track,2019,1,5726,2019-01,2019-01-31
Queen,The Platinum Collection,2019,1,3427,2019-01,2019-01-31
RESCENE (리센느),Glow Up,2025,2,14340,2025-02,2025-02-28
RESCENE (리센느),Re:Scene,2024,3,32796,2024-03,2024-03-31
RESCENE (리센느),SCENEDROME,2024,8,28021,2024-08,2024-08-31
RIIZE,Get A Guitar,2023,9,1042763,2023-09,2023-09-30
RIIZE,RIIZING - The 1st Mini Album,2024,6,1335102,2024-06,2024-06-30
RIIZE,RIIZING : Epilogue - The 1st Mini Album,2024,9,419770,2024-09,2024-09-30
RM,Indigo,2022,12,806476,2022-12,2022-12-31
RM,"Right Place, Wrong Person",2024,5,616550,2024-05,2024-05-31
ROCKY,BLANK,2024,7,20656,2024-07,2024-07-31
ROCKY,ROCKYST,2023,11,9337,2023-11,2023-11-30
S.E.S.,Remember - S.E.S. 20th Anniversary Special Album,2017,1,6373,2017-01,2017-01-31
S.I.S,느낌이 와,2017,8,1000,2017-08,2017-08-31
S.I.S,응,2018,9,1418,2018-09,2018-09-30
S.M. STATION,S.M. STATION Season1,2017,4,3921,2017-04,2017-04-30
SAY MY NAME (세이 마이 네임),My Name Is…,2025,3,65155,2025-03,2025-03-31
SAY MY NAME (세이 마이 네임),SAY MY NAME,2024,10,36390,2024-10,2024-10-31
SECRET NUMBER (시크릿넘버),DOOMCHITA,2022,6,12386,2022-06,2022-06-30
SECRET NUMBER (시크릿넘버),Fire Saturday,2021,10,5999,2021-10,2021-10-31
SECRET NUMBER (시크릿넘버),Got That Boom,2020,11,5467,2020-11,2020-11-30
SECRET NUMBER (시크릿넘버),Who Dis?,2020,5,2842,2020-05,2020-05-31
SF9 (에스에프나인),1st Debut Single Album `Feeling Sensation`,2016,10,33183,2016-10,2016-10-31
SF9 (에스에프나인),2nd Mini Album `Breaking Sensation`,2017,4,28349,2017-04,2017-04-30
SF9 (에스에프나인),3rd Mini Album `Knights of the Sun`,2017,10,33817,2017-10,2017-10-31
SF9 (에스에프나인),4th Mini Album `MAMMA MIA!`,2018,2,44850,2018-02,2018-02-28
SF9 (에스에프나인),5th Mini Album [Sensuous],2018,7,39888,2018-07,2018-07-31
SF9 (에스에프나인),6th Mini Album `NARCISSUS`,2019,2,50075,2019-02,2019-02-28
SF9 (에스에프나인),9loryUS,2020,7,110672,2020-07,2020-07-31
SF9 (에스에프나인),FANTASY,2024,8,87451,2024-08,2024-08-31
SF9 (에스에프나인),FIRST COLLECTION,2020,1,115159,2020-01,2020-01-31
SF9 (에스에프나인),First Mini Album `Burning Sensation`,2017,2,34083,2017-02,2017-02-28
SF9 (에스에프나인),LOVE RACE,2025,3,75605,2025-03,2025-03-31
SF9 (에스에프나인),RPM,2019,6,57031,2019-06,2019-06-30
SF9 (에스에프나인),RUMINATION,2021,11,185341,2021-11,2021-11-30
SF9 (에스에프나인),SPECIAL HISTORY BOOK,2020,10,45087,2020-10,2020-10-31
SF9 (에스에프나인),Sequence,2024,1,113996,2024-01,2024-01-31
SF9 (에스에프나인),THE PIECE OF9,2023,1,183198,2023-01,2023-01-31
SF9 (에스에프나인),THE WAVE OF9,2022,7,179358,2022-07,2022-07-31
SF9 (에스에프나인),TURN OVER,2021,7,227192,2021-07,2021-07-31
SG 워너비,Our Days,2016,11,3553,2016-11,2016-11-30
SG워너비,THE VOICE,2015,8,10463,2015-08,2015-08-31
SMTOWN,2021 Winter SMTOWN : SMCU EXPRESS,2021,12,645181,2021-12,2021-12-31
SMTOWN,2022 Winter SMTOWN : SMCU PALACE,2022,12,554612,2022-12,2022-12-31
SMTOWN,"2025 SMTOWN : THE CULTURE, THE FUTURE",2025,2,153194,2025-02,2025-02-28
STAYC(스테이씨),Metamorphic,2024,7,114766,2024-07,2024-07-31
STAYC(스테이씨),S,2025,3,118148,2025-03,2025-03-31
STAYC(스테이씨),STAYDOM,2021,4,96445,2021-04,2021-04-30
STAYC(스테이씨),STEREOTYPE,2021,9,193686,2021-09,2021-09-30
STAYC(스테이씨),Star To A Young Culture,2020,11,49730,2020-11,2020-11-30
STAYC(스테이씨),TEENFRESH,2023,8,380544,2023-08,2023-08-31
STAYC(스테이씨),Teddy Bear,2023,2,408214,2023-02,2023-02-28
STAYC(스테이씨),WE NEED LOVE,2022,7,256331,2022-07,2022-07-31
STAYC(스테이씨),YOUNG-LUV.COM,2022,2,244465,2022-02,2022-02-28
SUPER JUNIOR-D&E (동해&은혁),606,2024,3,199817,2024-03,2024-03-31
SUPER JUNIOR-D&E (동해&은혁),BAD BLOOD - The 4th Mini Album,2020,9,239882,2020-09,2020-09-30
SUPER JUNIOR-D&E (동해&은혁),BAD LIAR - The 4th Mini Special Album,2020,9,61634,2020-09,2020-09-30
SUPER JUNIOR-D&E (동해&은혁),COUNTDOWN - The 1st Album,2021,11,233892,2021-11,2021-11-30
SUPER JUNIOR-D&E (동해&은혁),COUNTDOWN - ZERO ver.,2021,12,29283,2021-12,2021-12-31
SUPER JUNIOR-D&E (동해&은혁),DANGER - The 3rd Mini Album,2019,4,93718,2019-04,2019-04-30
SUPER JUNIOR-D&E (동해&은혁),INEVITABLE,2024,9,165289,2024-09,2024-09-30
SUPER JUNIOR-D&E (동해&은혁),INEVITABLE - REPACKAGE,2024,11,13498,2024-11,2024-11-30
SUPER JUNIOR-D&E (동해&은혁),SUPER JUNIOR-D&E `The Beat Goes On`,2015,3,71434,2015-03,2015-03-31
SUPER JUNIOR-D&E (동해&은혁),The Beat Goes On` Special Edition,2015,3,35725,2015-03,2015-03-31
SUPER JUNIOR-D&E (동해&은혁),`Bout You - The 2nd Mini Album,2018,8,113785,2018-08,2018-08-31
Sik-K (식케이),FL1P,2019,3,2541,2019-03,2019-03-31
Sik-K (식케이),H.A.L.F,2017,6,750,2017-06,2017-06-30
Sik-K (식케이),HEADRINER,2020,7,2720,2020-07,2020-07-31
Stray Kids (스트레이 키즈),ATE,2024,7,3105074,2024-07,2024-07-31
Stray Kids (스트레이 키즈),Christmas EveL,2021,11,875416,2021-11,2021-11-30
Stray Kids (스트레이 키즈),Cle 1 : MIROH,2019,3,303779,2019-03,2019-03-31
Stray Kids (스트레이 키즈),Cle 2 : Yellow Wood,2019,6,223027,2019-06,2019-06-30
Stray Kids (스트레이 키즈),Cle : LEVANTER,2019,12,397295,2019-12,2019-12-31
Stray Kids (스트레이 키즈),GO生,2020,6,767359,2020-06,2020-06-30
Stray Kids (스트레이 키즈),I am NOT,2018,3,286414,2018-03,2018-03-31
Stray Kids (스트레이 키즈),I am WHO,2018,8,236573,2018-08,2018-08-31
Stray Kids (스트레이 키즈),I am YOU,2018,10,273960,2018-10,2018-10-31
Stray Kids (스트레이 키즈),IN生,2020,9,782883,2020-09,2020-09-30
Stray Kids (스트레이 키즈),MAXIDENT,2022,10,3716048,2022-10,2022-10-31
Stray Kids (스트레이 키즈),MIXTAPE,2018,1,125108,2018-01,2018-01-31
Stray Kids (스트레이 키즈),NOEASY,2021,8,1945550,2021-08,2021-08-31
Stray Kids (스트레이 키즈),ODDINARY,2022,3,2074167,2022-03,2022-03-31
Stray Kids (스트레이 키즈),★★★★★,2023,6,5267921,2023-06,2023-06-30
Stray Kids (스트레이 키즈),合,2024,12,2219880,2024-12,2024-12-31
Stray Kids (스트레이 키즈),樂-STAR,2023,11,4271339,2023-11,2023-11-30
SuperM,Super One,2020,10,556073,2020-10,2020-10-31
SuperM,The 1st Mini Album,2019,10,184410,2019-10,2019-10-31
T1419,BEFORE SUNRISE Part. 1,2021,1,16922,2021-01,2021-01-31
T1419,BEFORE SUNRISE Part. 2,2021,3,26496,2021-03,2021-03-31
T1419,BEFORE SUNRISE Part. 3,2021,8,23833,2021-08,2021-08-31
TAN,1st Anniversary Special Album [ESSEGE],2023,3,25094,2023-03,2023-03-31
TAN,1st Single Album `DREAM & DEURIM`,2022,10,11249,2022-10,2022-10-31
TAN,LIMITED EDITION `1TAN`,2022,3,15460,2022-03,2022-03-31
TAN,W SERIES `2TAN`,2022,6,16659,2022-06,2022-06-30
TAN,W SERIES `3TAN` 1ST ALBUM,2024,4,9478,2024-04,2024-04-30
TARGET(타겟),Alive,2018,1,11336,2018-01,2018-01-31
TARGET(타겟),M the M,2019,4,2932,2019-04,2019-04-30
TARGET(타겟),S the P,2019,8,1318,2019-08,2019-08-31
TARGET(타겟),실화냐,2018,7,4791,2018-07,2018-07-31
TEEN TEEN,"VERY, ON TOP",2019,9,15870,2019-09,2019-09-30
TEMPEST(템페스트),"It`s ME, It`s WE",2022,3,94237,2022-03,2022-03-31
TEMPEST(템페스트),ON and ON,2022,11,117430,2022-11,2022-11-30
TEMPEST(템페스트),RE: Full of Youth,2025,3,41618,2025-03,2025-03-31
TEMPEST(템페스트),SHINING UP,2022,8,80563,2022-08,2022-08-31
TEMPEST(템페스트),Voyage,2024,3,129920,2024-03,2024-03-31
TEMPEST(템페스트),폭풍 속으로,2023,9,156929,2023-09,2023-09-30
TEMPEST(템페스트),폭풍전야,2023,4,107888,2023-04,2023-04-30
THE NEW SIX (TNX),BOYHOOD,2023,6,55119,2023-06,2023-06-30
TNX,For Real?,2025,3,16696,2025-03,2025-03-31
TNX,Love Never Dies,2023,2,89343,2023-02,2023-02-28
TNX,WAY UP,2022,5,73634,2022-05,2022-05-31
TO1 (티오원),RE:ALIZE,2021,11,34868,2021-11,2021-11-30
TO1 (티오원),RE:BORN,2021,5,46635,2021-05,2021-05-31
TO1 (티오원),UP2U,2022,11,27202,2022-11,2022-11-30
TO1 (티오원),WHY NOT??,2022,7,38198,2022-07,2022-07-31
TONY(토니),Spatial Recorder,2024,7,58834,2024-07,2024-07-31
TOO (티오오),REASON FOR BEING : 인,2020,4,27798,2020-04,2020-04-30
TOO (티오오),Running TOOgether,2020,7,46202,2020-07,2020-07-31
TOZ (티오지),FLARE,2023,10,28889,2023-10,2023-10-31
TRCNG,TRCNG 1ST MINI Album [NEW GENERATION],2017,10,7385,2017-10,2017-10-31
TRCNG,TRCNG 2nd Single Album `RISING`,2019,10,1383,2019-10,2019-10-31
TRCNG,WHO AM I,2018,1,8024,2018-01,2018-01-31
TREASURE (트레저),2ND FULL ALBUM `REBOOT`,2023,7,1870594,2023-07,2023-07-31
TREASURE (트레저),SPECIAL MINI ALBUM [PLEASURE],2025,3,796505,2025-03,2025-03-31
TREASURE (트레저),THE FIRST STEP : CHAPTER ONE,2020,8,246462,2020-08,2020-08-31
TREASURE (트레저),THE FIRST STEP : CHAPTER THREE,2020,11,232134,2020-11,2020-11-30
TREASURE (트레저),THE FIRST STEP : CHAPTER TWO,2020,9,237695,2020-09,2020-09-30
TREASURE (트레저),THE FIRST STEP : TREASURE EFFECT,2021,1,386728,2021-01,2021-01-31
TREASURE (트레저),THE SECOND STEP : CHAPTER ONE,2022,2,815594,2022-02,2022-02-28
TREASURE (트레저),THE SECOND STEP : CHAPTER TWO,2022,10,654084,2022-10,2022-10-31
TRENDZ (트렌드지),BLUE SET Chapter 1. TRACKS,2022,1,7927,2022-01,2022-01-31
TRENDZ (트렌드지),BLUE SET Chapter 2. CHOICE,2022,6,13694,2022-06,2022-06-30
TRENDZ (트렌드지),BLUE SET Chapter. [NEW DAYZ],2023,3,22366,2023-03,2023-03-31
TRENDZ (트렌드지),BLUE SET Chapter. [UNKNOWN CODE],2022,11,25122,2022-11,2022-11-30
TRENDZ (트렌드지),DREAMLIKE,2024,6,71436,2024-06,2024-06-30
TRENDZ (트렌드지),STILL ON MY WAY,2023,9,60122,2023-09,2023-09-30
TWICE,BETWEEN 1&2,2022,8,1161339,2022-08,2022-08-31
TWICE,Eyes wide open,2020,10,640868,2020-10,2020-10-31
TWICE,FANCY YOU,2019,4,515399,2019-04,2019-04-30
TWICE,Feel Special,2019,9,587681,2019-09,2019-09-30
TWICE,Formula of Love: O+T=<3,2021,11,984611,2021-11,2021-11-30
TWICE,MORE & MORE,2020,6,658622,2020-06,2020-06-30
TWICE,Merry & Happy,2017,12,279816,2017-12,2017-12-31
TWICE,PAGE TWO,2016,4,355870,2016-04,2016-04-30
TWICE,READY TO BE,2023,3,1688387,2023-03,2023-03-31
TWICE,SIGNAL,2017,5,426956,2017-05,2017-05-31
TWICE,STRATEGY,2024,12,977945,2024-12,2024-12-31
TWICE,Summer Nights,2018,7,469285,2018-07,2018-07-31
TWICE,THE STORY BEGINS,2015,10,237495,2015-10,2015-10-31
TWICE,TWICEcoaster : LANE 1,2016,10,516612,2016-10,2016-10-31
TWICE,TWICEcoaster : LANE 2,2017,2,389937,2017-02,2017-02-28
TWICE,Taste of Love,2021,6,707943,2021-06,2021-06-30
TWICE,The year of `YES`,2018,12,230889,2018-12,2018-12-31
TWICE,What is Love?,2018,4,498790,2018-04,2018-04-30
TWICE,With YOU-th,2024,2,1237984,2024-02,2024-02-29
TWICE,YES or YES,2018,11,452166,2018-11,2018-11-30
TWICE,twicetagram,2017,10,431766,2017-10,2017-10-31
TWS (투어스),1st Mini Album `Sparkling Blue`,2024,1,520924,2024-01,2024-01-31
TWS (투어스),1st Single `Last Bell`,2024,11,536078,2024-11,2024-11-30
TWS (투어스),2nd Mini Album `SUMMER BEAT!`,2024,6,628105,2024-06,2024-06-30
Taylor Swift,Lover,2019,9,1742,2019-09,2019-09-30
"Teodor Currentzis, Musica Eterna",BEETHOVEN: SYMPHONY NO. 5,2020,4,866,2020-04,2020-04-30
The KingDom (더킹덤),REALIZE,2024,5,31373,2024-05,2024-05-31
The Quiett (더 콰이엇),Q Train 2,2016,4,850,2016-04,2016-04-30
The Quiett (더 콰이엇),glow forever,2018,10,1917,2018-10,2018-10-31
The Rose (더 로즈),DUAL,2023,9,46873,2023-09,2023-09-30
The Rose (더 로즈),Dawn,2018,10,5515,2018-10,2018-10-31
The Rose (더 로즈),HEAL,2022,10,27491,2022-10,2022-10-31
The Rose (더 로즈),RED,2019,8,9192,2019-08,2019-08-31
The Rose (더 로즈),Void,2018,4,4998,2018-04,2018-04-30
The Volunteers (더 발룬티어스),The Volunteers,2021,6,18987,2021-06,2021-06-30
UNI.T,line,2018,5,15861,2018-05,2018-05-31
UNI.T,끝을 아는 시작,2018,9,9880,2018-09,2018-09-30
UNIS(유니스),CURIOUS,2024,8,63080,2024-08,2024-08-31
UNIS(유니스),The 1st Mini Album `WE UNIS`,2024,3,60782,2024-03,2024-03-31
UNIT BLACK (유닛블랙),뺏겠어,2017,4,21890,2017-04,2017-04-30
UNIVERSE LEAGUE,UNIVERSE LEAGUE,2025,2,7539,2025-02,2025-02-28
V,Layover,2023,9,2337398,2023-09,2023-09-30
V.A,뮤지컬 그날들 OST,2016,9,397,2016-09,2016-09-30
V.O.S,"RE:Union, The Real",2016,1,1254,2016-01,2016-01-31
V.O.S,어느날 어느곳 어디선가,2015,3,741,2015-03,2015-03-31
VANNER (배너),5cean : V,2019,9,1109,2019-09,2019-09-30
VANNER (배너),BURN,2024,9,154813,2024-09,2024-09-30
VANNER (배너),CAPTURE THE FLAG,2024,1,140833,2024-01,2024-01-31
VANNER (배너),VENI VIDI VICI,2023,8,115501,2023-08,2023-08-31
VAV,5th Mini Album `POISON`,2019,10,6563,2019-10,2019-10-31
VAV,GIVE ME MORE,2019,7,4499,2019-07,2019-07-31
VAV,MADE FOR TWO,2020,9,11741,2020-09,2020-09-30
VAV,Part.2 No doubt,2016,7,446,2016-07,2016-07-31
VAV,Spotlight,2018,1,2006,2018-01,2018-01-31
VAV,Subconscious,2023,6,8805,2023-06,2023-06-30
VAV,THRILLA KILLA,2019,3,6636,2019-03,2019-03-31
VERIVERY,FACE ME,2020,1,28440,2020-01,2020-01-31
VERIVERY,FACE US,2020,10,50704,2020-10,2020-10-31
VERIVERY,FACE YOU,2020,7,39626,2020-07,2020-07-31
VERIVERY,Liminality - EP.DREAM,2023,5,92686,2023-05,2023-05-31
VERIVERY,Liminality - EP.LOVE,2022,11,135227,2022-11,2022-11-30
VERIVERY,SERIES `O` [ROUND 1 : HALL],2021,3,68179,2021-03,2021-03-31
VERIVERY,SERIES `O` [ROUND 3 : WHOLE],2022,4,83895,2022-04,2022-04-30
VERIVERY,SERIES `O`[ROUND 2: HOLE],2021,8,81597,2021-08,2021-08-31
VERIVERY,VERI-ABLE,2019,4,17630,2019-04,2019-04-30
VERIVERY,VERI-CHILL,2019,7,16698,2019-07,2019-07-31
VERIVERY,VERI-US,2019,1,24080,2019-01,2019-01-31
VICTON (빅톤),Chaos,2022,5,110533,2022-05,2022-05-31
VICTON (빅톤),Choice,2022,11,104970,2022-11,2022-11-30
VICTON (빅톤),Chronograph,2022,1,58341,2022-01,2022-01-31
VICTON (빅톤),Continuous,2020,3,93233,2020-03,2020-03-31
VICTON (빅톤),From. VICTON,2017,11,13419,2017-11,2017-11-30
VICTON (빅톤),IDENTITY,2017,8,22145,2017-08,2017-08-31
VICTON (빅톤),Mayday,2020,6,95407,2020-06,2020-06-30
VICTON (빅톤),READY,2017,3,27395,2017-03,2017-03-31
VICTON (빅톤),VOICE : The future is now,2021,1,107774,2021-01,2021-01-31
VICTON (빅톤),Voice To New World,2016,11,14947,2016-11,2016-11-30
VICTON (빅톤),nostalgia,2019,11,74103,2019-11,2019-11-30
VICTON (빅톤),오월애,2018,5,18015,2018-05,2018-05-31
VIINI (권현빈),DIMENSION,2019,8,7254,2019-08,2019-08-31
VIVIZ (비비지),The 1st Mini Album `Beam Of Prism`,2022,2,50000,2022-02,2022-02-28
VIVIZ (비비지),The 2nd Mini Album `Summer Vibe`,2022,7,78774,2022-07,2022-07-31
VIVIZ (비비지),The 3rd Mini Album `VarioUS`,2023,1,78162,2023-01,2023-01-31
VIVIZ (비비지),The 4th Mini Album `VERSUS`,2023,11,55554,2023-11,2023-11-30
VIVIZ (비비지),The 5th Mini Album `VOYAGE`,2024,11,31448,2024-11,2024-11-30
VMC,VISTY BOYZ,2017,9,2513,2017-09,2017-09-30
Various Artist,그녀의 사생활 OST,2019,5,3308,2019-05,2019-05-31
Various Artist,청춘기록 OST,2020,10,3414,2020-10,2020-10-31
Various Artists,2004 Summer Vacation In Smtown.com,2015,5,600,2015-05,2015-05-31
Various Artists,90s 인기가요 101 메가믹스 1990-2000,2015,4,1462,2015-04,2015-04-30
Various Artists,Aladdin,2019,6,7928,2019-06,2019-06-30
Various Artists,Boys be LOUD,2021,10,15372,2021-10,2021-10-31
Various Artists,Das Musical Rebecca Repackage Album 2017,2018,1,4090,2018-01,2018-01-31
Various Artists,FM 201.8,2018,12,3000,2018-12,2018-12-31
Various Artists,Frozen 2,2019,11,17792,2019-11,2019-11-30
Various Artists,Hahn Dae Soo 40th Anniversary `Rebirth`,2015,5,398,2015-05,2015-05-31
Various Artists,K-Pop Club Mix,2015,2,381,2015-02,2015-02-28
Various Artists,"KBS 클래식 FM - 베토벤 250주년 기념 음반 [베토벤의 사계, 영혼을 치유하다]",2020,10,4007,2020-10,2020-10-31
Various Artists,"KBS클래식 FM 개국 40주년 기념음반 <마흔, 클래식에 빠지다>",2019,4,4698,2019-04,2019-04-30
Various Artists,La La Land Soundtrack,2019,2,2192,2019-02,2019-02-28
Various Artists,Lion King OST,2019,7,4850,2019-07,2019-07-31
Various Artists,Mamma Mia OST,2016,5,1806,2016-05,2016-05-31
Various Artists,Matilda The Musical OST,2019,3,2308,2019-03,2019-03-31
Various Artists,PEAK TIME TOP6,2023,5,31366,2023-05,2023-05-31
Various Artists,The Lion King Original OST,2019,3,2878,2019-03,2019-03-31
Various Artists,The Phantom Of The Opera OST,2020,2,5484,2020-02,2020-02-29
Various Artists,W OST,2016,9,2246,2016-09,2016-09-30
Various Artists,가면 OST,2015,8,840,2015-08,2015-08-31
Various Artists,갯마을 차차차 OST,2021,10,16401,2021-10,2021-10-31
Various Artists,검사외전 OST,2016,2,676,2016-02,2016-02-29
Various Artists,검색어를 입력하세요 WWW OST,2019,7,1666,2019-07,2019-07-31
Various Artists,검은 사제들 OST,2015,11,1148,2015-11,2015-11-30
Various Artists,겨울왕국 2,2019,12,2465,2019-12,2019-12-31
Various Artists,고백부부 OST,2017,11,1038,2017-11,2017-11-30
Various Artists,공항가는 길 OST,2016,12,513,2016-12,2016-12-31
Various Artists,구르미 그린 달빛 OST,2016,10,19589,2016-10,2016-10-31
Various Artists,구미호뎐 OST,2020,12,2000,2020-12,2020-12-31
Various Artists,군주: 가면의 주인 OST,2017,7,698,2017-07,2017-07-31
Various Artists,그 해 우리는 OST,2022,2,46500,2022-02,2022-02-28
Various Artists,그냥 사랑하는 사이 OST,2018,2,1622,2018-02,2018-02-28
Various Artists,그녀는 거짓말을 너무 사랑해 OST,2017,5,2960,2017-05,2017-05-31
Various Artists,그녀는 예뻤다 OST,2015,12,2006,2015-12,2015-12-31
Various Artists,김과장 OST,2017,4,473,2017-04,2017-04-30
Various Artists,김비서가 왜 그럴까 OST,2018,7,2498,2018-07,2018-07-31
Various Artists,나의 아저씨 OST,2018,5,4316,2018-05,2018-05-31
Various Artists,나의 유감스러운 남자친구 OST,2015,6,475,2015-06,2015-06-30
Various Artists,나의 해방일지 OST,2022,6,8315,2022-06,2022-06-30
Various Artists,남자친구 OST,2019,1,2447,2019-01,2019-01-31
Various Artists,낭만닥터 김사부 OST,2017,1,731,2017-01,2017-01-31
Various Artists,내 아이디는 강남미인 OST,2018,9,1674,2018-09,2018-09-30
Various Artists,내 청춘의 댄스뮤직,2015,1,826,2015-01,2015-01-31
Various Artists,내일은 미스터트롯 [레전드미션&결승전베스트],2020,4,16283,2020-04,2020-04-30
Various Artists,내일은 미스터트롯 데스매치 / 트롯 에이드 베스트,2020,3,9718,2020-03,2020-03-31
Various Artists,내일은 미스터트롯 예선전 / 팀미션 베스트,2020,2,4728,2020-02,2020-02-29
Various Artists,냄새를 보는 소녀 OST,2015,5,1757,2015-05,2015-05-31
Various Artists,너를 기억해 OST,2015,8,998,2015-08,2015-08-31
Various Artists,너를 사랑한 시간 OST,2015,8,860,2015-08,2015-08-31
Various Artists,눈물의 여왕 OST,2024,5,38361,2024-05,2024-05-31
Various Artists,닥터스 OST,2016,8,2561,2016-08,2016-08-31
Various Artists,달의연인 - 보보경심 려 OST,2016,10,9870,2016-10,2016-10-31
Various Artists,당신을 주문합니다 OST,2015,8,2451,2015-08,2015-08-31
Various Artists,당신이 잠든 사이에 OST,2017,11,2733,2017-11,2017-11-30
Various Artists,대박 OST,2016,6,900,2016-06,2016-06-30
Various Artists,더 케이투 OST,2016,11,2033,2016-11,2016-11-30
Various Artists,더 킹 : 영원의 군주 OST,2020,6,6107,2020-06,2020-06-30
Various Artists,더 패키지 OST,2017,11,1369,2017-11,2017-11-30
Various Artists,도깨비 OST Pack,2017,1,83497,2017-01,2017-01-31
Various Artists,돌아와요 아저씨 OST,2016,4,609,2016-04,2016-04-30
Various Artists,동백꽃 필 무렵 OST,2019,11,1897,2019-11,2019-11-30
Various Artists,두번째 스무살 OST,2015,10,1075,2015-10,2015-10-31
Various Artists,디어 마이 프렌즈 OST,2016,6,1057,2016-06,2016-06-30
Various Artists,딴따라 OST,2016,7,999,2016-07,2016-07-31
Various Artists,또 오해영 OST,2016,6,2692,2016-06,2016-06-30
Various Artists,로맨스는 별책부록 OST,2019,4,1627,2019-04,2019-04-30
Various Artists,리멤버 - 아들의 전쟁 OST,2016,2,540,2016-02,2016-02-29
Various Artists,맨도롱 또똣 OST,2015,7,592,2015-07,2015-07-31
Various Artists,맨발의 디바 OST,2018,8,6336,2018-08,2018-08-31
Various Artists,멜로홀릭 OST,2017,12,766,2017-12,2017-12-31
Various Artists,명불허전 OST,2017,10,1416,2017-10,2017-10-31
Various Artists,몬스터 OST,2016,9,474,2016-09,2016-09-30
Various Artists,무법 변호사 OST,2018,7,1342,2018-07,2018-07-31
Various Artists,뮤지컬 `엑스칼리버` 공연실황 앨범,2019,9,3073,2019-09,2019-09-30
Various Artists,미녀와 야수 OST Korean Edition,2017,3,775,2017-03,2017-03-31
Various Artists,미녀의 탄생 OST,2015,1,575,2015-01,2015-01-31
Various Artists,미생 OST,2015,1,2222,2015-01,2015-01-31
Various Artists,미스터 션샤인 OST,2018,10,11367,2018-10,2018-10-31
Various Artists,미스트롯 베스트 히트 35,2019,5,44431,2019-05,2019-05-31
Various Artists,반짝이는 워터멜론 OST,2023,11,8651,2023-11,2023-11-30
Various Artists,밤을 걷는 선비 OST Part 1,2015,8,3527,2015-08,2015-08-31
Various Artists,밤을 걷는 선비 OST Part 2,2015,9,2365,2015-09,2015-09-30
Various Artists,밥 잘 사주는 예쁜 누나 OST,2018,6,2189,2018-06,2018-06-30
Various Artists,백년의 신부 OST,2015,1,515,2015-01,2015-01-31
Various Artists,백일의 낭군님 OST,2018,10,3606,2018-10,2018-10-31
Various Artists,별에서 온 그대 OST,2015,8,378,2015-08,2015-08-31
Various Artists,봄밤 OST,2019,7,1813,2019-07,2019-07-31
Various Artists,부부의 세계 OST,2020,5,1110,2020-05,2020-05-31
Various Artists,불야성 OST,2017,2,500,2017-02,2017-02-28
Various Artists,불한당:나쁜놈들의 세상 OST,2017,7,3600,2017-07,2017-07-31
Various Artists,브람스를 좋아하세요? OST,2020,10,2070,2020-10,2020-10-31
Various Artists,블러드 OST,2015,5,708,2015-05,2015-05-31
Various Artists,블루 아카이브 2.5주년 기념 OST,2024,6,15000,2024-06,2024-06-30
Various Artists,블루 아카이브 3주년 기념 OST,2024,12,5820,2024-12,2024-12-31
Various Artists,사내맞선 OST,2022,4,14499,2022-04,2022-04-30
Various Artists,사랑의 불시착 OST,2020,2,34349,2020-02,2020-02-29
Various Artists,사랑의 온도 OST,2017,11,965,2017-11,2017-11-30
Various Artists,사랑하는 은동아 OST,2015,7,456,2015-07,2015-07-31
Various Artists,사이코메트리 그녀석 OST,2019,5,1503,2019-05,2019-05-31
Various Artists,사이코지만 괜찮아 OST,2020,8,14600,2020-08,2020-08-31
Various Artists,"사임당, 빛의 일기 OST",2017,5,731,2017-05,2017-05-31
Various Artists,상속자들 OST Part 1,2015,1,3789,2015-01,2015-01-31
Various Artists,상속자들 OST Part 2,2015,1,2495,2015-01,2015-01-31
Various Artists,선재 업고 튀어 OST,2024,6,75952,2024-06,2024-06-30
Various Artists,설강화 OST,2022,3,37058,2022-03,2022-03-31
Various Artists,쇼핑왕 루이 OST,2016,11,900,2016-11,2016-11-30
Various Artists,수상한 파트너 OST,2017,7,1837,2017-07,2017-07-31
Various Artists,순정에 반하다 OST,2015,5,497,2015-05,2015-05-31
Various Artists,슈퍼대디 열 OST,2015,4,600,2015-04,2015-04-30
Various Artists,스물다섯 스물하나 OST,2022,4,35426,2022-04,2022-04-30
Various Artists,스위치-세상을 바꿔라 OST,2018,5,1454,2018-05,2018-05-31
Various Artists,스쿨오즈 - 홀로그램 뮤지컬 OST,2016,1,9397,2016-01,2016-01-31
Various Artists,스트릿 우먼 파이터 Special,2021,11,6069,2021-11,2021-11-30
Various Artists,스파이 OST Part 1,2015,2,2946,2015-02,2015-02-28
Various Artists,스파이 OST Part 2,2015,3,1547,2015-03,2015-03-31
Various Artists,슬기로운 감빵생활 OST,2018,1,2659,2018-01,2018-01-31
Various Artists,슬기로운 의사생활 OST,2020,6,21211,2020-06,2020-06-30
Various Artists,슬기로운 의사생활 시즌2 OST,2021,10,38607,2021-10,2021-10-31
Various Artists,시그널 OST,2016,3,4594,2016-03,2016-03-31
Various Artists,시카고 타자기 OST,2017,6,745,2017-06,2017-06-30
Various Artists,식샤를 합시다 2 OST,2015,6,1025,2015-06,2015-06-30
Various Artists,신데렐라와 네 명의 기사 OST,2016,9,2501,2016-09,2016-09-30
Various Artists,신입사관 구해령 OST,2019,9,1040,2019-09,2019-09-30
Various Artists,쎄시봉 OST,2015,2,16741,2015-02,2015-02-28
Various Artists,아가씨 OST,2017,3,1058,2017-03,2017-03-31
Various Artists,아름다운 나의 신부 OST,2015,8,366,2015-08,2015-08-31
Various Artists,"알고있지만, OST",2021,9,10075,2021-09,2021-09-30
Various Artists,알함브라 궁전의 추억 OST,2019,1,2481,2019-01,2019-01-31
Various Artists,애타는 로맨스 OST,2017,7,791,2017-07,2017-07-31
Various Artists,어느 날 우리 집 현관으로 멸망이 들어왔다 OST,2021,7,6500,2021-07,2021-07-31
Various Artists,언프리티 랩스타 2,2015,12,1439,2015-12,2015-12-31
Various Artists,언프리티 랩스타 컴필레이션,2015,4,1699,2015-04,2015-04-30
Various Artists,언프리티랩스타 3,2016,10,563,2016-10,2016-10-31
Various Artists,여신강림 OST,2021,2,40786,2021-02,2021-02-28
Various Artists,역도요정 김복주 OST,2017,1,889,2017-01,2017-01-31
Various Artists,열여덟의 순간 OST,2019,9,2735,2019-09,2019-09-30
Various Artists,엽기적인 그녀 OST,2017,9,940,2017-09,2017-09-30
Various Artists,영어와 우리말로 듣는 달콤한 어린이 캐롤 베스트,2015,11,1416,2015-11,2015-11-30
Various Artists,영화 `더 박스` OST,2021,3,70071,2021-03,2021-03-31
Various Artists,오 나의 귀신님 OST,2015,8,2775,2015-08,2015-08-31
Various Artists,오 마이 비너스 OST,2015,12,1610,2015-12,2015-12-31
Various Artists,오늘의 연애 OST,2015,2,395,2015-02,2015-02-28
Various Artists,오렌지 마말레이드 OST,2015,8,851,2015-08,2015-08-31
Various Artists,옷소매 붉은 끝동 OST,2022,1,9994,2022-01,2022-01-31
Various Artists,왕은 사랑한다 OST,2017,9,1260,2017-09,2017-09-30
Various Artists,왕의 얼굴 OST,2015,2,448,2015-02,2015-02-28
Various Artists,용팔이 OST,2015,10,982,2015-10,2015-10-31
Various Artists,운명처럼 널 사랑해 OST,2015,6,4410,2015-06,2015-06-30
Various Artists,운빨로맨스 OST,2016,8,1192,2016-08,2016-08-31
Various Artists,위키드,2016,4,764,2016-04,2016-04-30
Various Artists,유재하 30년 ‘우리 이대로 영원히’,2017,12,10380,2017-12,2017-12-31
Various Artists,육룡이 나르샤 OST,2016,4,1308,2016-04,2016-04-30
Various Artists,응답하라 1988 감독판 OST,2016,1,13509,2016-01,2016-01-31
Various Artists,응답하라 1988 오리지날 사운드트랙 -1부-,2015,12,17998,2015-12,2015-12-31
Various Artists,응답하라 1988 오리지날 사운드트랙 -2부-,2016,1,8231,2016-01,2016-01-31
Various Artists,이번생은 처음이라 OST,2017,11,970,2017-11,2017-11-30
Various Artists,이상한 변호사 우영우 OST,2022,9,12959,2022-09,2022-09-30
Various Artists,이태원 클라쓰 OST,2020,4,5500,2020-04,2020-04-30
Various Artists,일리있는 사랑 OST,2015,2,595,2015-02,2015-02-28
Various Artists,젊음의 행진,2016,1,4658,2016-01,2016-01-31
Various Artists,조선로코 - 녹두전 OST,2019,11,1800,2019-11,2019-11-30
Various Artists,주군의 태양 OST,2015,4,4381,2015-04,2015-04-30
Various Artists,지금 거신 전화는 OST,2025,2,8336,2025-02,2025-02-28
Various Artists,진심이 닿다 OST,2019,4,1334,2019-04,2019-04-30
Various Artists,질투의 화신 OST,2016,11,2187,2016-11,2016-11-30
Various Artists,치즈인더트랩 OST,2016,3,1871,2016-03,2016-03-31
Various Artists,칠전팔기 구해라 OST,2015,4,1551,2015-04,2015-04-30
Various Artists,클래식을 듣는 당신에게,2022,4,4991,2022-04,2022-04-30
Various Artists,클래프 프로젝트,2018,5,1127,2018-05,2018-05-31
Various Artists,킬미힐미 OST,2015,3,6929,2015-03,2015-03-31
Various Artists,태양의 후예 OST Vol. 2,2016,4,27745,2016-04,2016-04-30
Various Artists,태양의 후예 OST Vol.1,2016,3,58582,2016-03,2016-03-31
Various Artists,팬텀싱어,2017,4,4601,2017-04,2017-04-30
Various Artists,팬텀싱어 시즌2,2018,1,3810,2018-01,2018-01-31
Various Artists,펀치 OST,2015,2,598,2015-02,2015-02-28
Various Artists,펜트하우스 OST,2021,9,4005,2021-09,2021-09-30
Various Artists,푸른 바다의 전설 OST,2017,1,4652,2017-01,2017-01-31
Various Artists,프로듀사 OST,2015,5,4695,2015-05,2015-05-31
Various Artists,프로듀사 OST: Special Edition,2015,6,3162,2015-06,2015-06-30
Various Artists,피노키오 OST,2015,1,3447,2015-01,2015-01-31
Various Artists,하와유브레드 OST,2020,2,1416,2020-02,2020-02-29
Various Artists,학교 2017 OST,2017,9,847,2017-09,2017-09-30
Various Artists,함부로 애틋하게 OST Vol.1,2016,8,1810,2016-08,2016-08-31
Various Artists,함부로 애틋하게 OST Vol.2,2016,9,1284,2016-09,2016-09-30
Various Artists,호구의 사랑 OST,2015,3,606,2015-03,2015-03-31
Various Artists,호텔 델루나 OST,2019,9,11520,2019-09,2019-09-30
Various Artists,화랑 OST ALBUM,2017,2,2653,2017-02,2017-02-28
Various Artists,화유기 OST,2018,3,3000,2018-03,2018-03-31
Various Artists,환혼 OST,2022,9,8906,2022-09,2022-09-30
Various Artists,환혼: 빛과 그림자 OST,2023,1,9800,2023-01,2023-01-31
Various Artists,후아유 - 학교 2015 OST,2015,6,3839,2015-06,2015-06-30
Various Artists,힐러 OST,2015,2,7793,2015-02,2015-02-28
Various Artists,힘쎈여자 도봉순 OST,2017,4,2344,2017-04,2017-04-30
WAKER(웨이커),Sweet Tape,2024,7,12014,2024-07,2024-07-31
WE IN THE ZONE,WE IN THE ZONE,2019,5,8830,2019-05,2019-05-31
WE IN THE ZONE,weeee!,2019,11,8327,2019-11,2019-11-30
WHIB(휘브),Cut-Out,2023,11,16220,2023-11,2023-11-30
WHIB(휘브),ETERNAL YOUTH : KICK IT,2024,5,46069,2024-05,2024-05-31
WHIB(휘브),Rush of Joy,2024,9,18270,2024-09,2024-09-30
WOOAH (우아),EXCLAMATION,2020,5,4608,2020-05,2020-05-31
WOOAH (우아),JOY,2022,6,32666,2022-06,2022-06-30
WOOAH (우아),Pit-a-Pat,2022,11,31285,2022-11,2022-11-30
WOOAH (우아),UNFRAMED,2024,6,29849,2024-06,2024-06-30
WOOAH (우아),WISH,2021,5,14670,2021-05,2021-05-31
WOODZ (조승연),COLORFUL TRAUMA,2022,5,95682,2022-05,2022-05-31
WOODZ (조승연),EQUAL,2020,6,147795,2020-06,2020-06-30
WOODZ (조승연),ONLY LOVERS LEFT,2021,10,52500,2021-10,2021-10-31
WOODZ (조승연),OO-LI,2023,4,82078,2023-04,2023-04-30
WOODZ (조승연),SET,2021,3,79449,2021-03,2021-03-31
WOODZ (조승연),WOOPS!,2020,11,100831,2020-11,2020-11-30
WOOSUNG,4444,2024,10,11505,2024-10,2024-10-31
Wanna One (워너원),0+1=1,2018,3,830706,2018-03,2018-03-31
Wanna One (워너원),1-1=0,2017,11,674518,2017-11,2017-11-30
Wanna One (워너원),1X1=1,2017,8,799951,2017-08,2017-08-31
Wanna One (워너원),1¹¹=1,2018,11,728427,2018-11,2018-11-30
Wanna One (워너원),1÷χ=1,2018,6,644136,2018-06,2018-06-30
WayV,Awaken The World - The 1st Album,2020,6,127866,2020-06,2020-06-30
WayV,FREQUENCY - The 6th Mini Album,2024,11,394732,2024-11,2024-11-30
WayV,Give Me That - The 5th Mini Album,2024,6,413637,2024-06,2024-06-30
WayV,Kick Back - The 3rd Mini Album,2021,3,361733,2021-03,2021-03-31
WayV,On My Youth - The 2nd Album,2023,11,450308,2023-11,2023-11-30
WayV,Phantom - The 4th Mini Album,2022,12,235888,2022-12,2022-12-31
WayV,Take Over The Moon - Sequel,2020,3,74292,2020-03,2020-03-31
WayV,Take Over The Moon - The 2nd Mini Album,2019,11,89265,2019-11,2019-11-30
Weeekly (위클리),Bliss,2024,7,23650,2024-07,2024-07-31
Weeekly (위클리),ColoRise,2023,11,71119,2023-11,2023-11-30
Weeekly (위클리),Play Game : AWAKE,2022,3,83189,2022-03,2022-03-31
Weeekly (위클리),Play Game : Holiday,2021,8,46367,2021-08,2021-08-31
Weeekly (위클리),We are,2020,6,21450,2020-06,2020-06-30
Weeekly (위클리),We can,2020,10,26459,2020-10,2020-10-31
Weeekly (위클리),We play,2021,3,42739,2021-03,2021-03-31
X1 (엑스원),비상 : QUANTUM LEAP,2019,8,653944,2019-08,2019-08-31
XG,AWE,2024,11,31784,2024-11,2024-11-30
XG,NEW DNA,2023,10,34272,2023-10,2023-10-31
XG,WOKE UP,2024,5,25569,2024-05,2024-05-31
XIA(준수),DIMENSION,2022,3,65364,2022-03,2022-03-31
XIA(준수),Flower,2015,3,80374,2015-03,2015-03-31
XIA(준수),Incredible,2015,2,381,2015-02,2015-02-28
XIA(준수),Pit A Pat,2020,11,39624,2020-11,2020-11-30
XIA(준수),XIGNATURE,2016,5,47371,2016-05,2016-05-31
XIA(준수),꼭 어제,2015,10,59500,2015-10,2015-10-31
XLOV,I`mma Be,2025,1,22342,2025-01,2025-01-31
XODIAC,GLOWY DAY,2025,2,43204,2025-02,2025-02-28
XODIAC,ONLY FUN,2023,11,18392,2023-11,2023-11-30
XODIAC,THROW A DICE,2023,7,5027,2023-07,2023-07-31
XODIAC,XOUL DAY,2024,3,34739,2024-03,2024-03-31
XXX,KYOMI,2016,7,1080,2016-07,2016-07-31
XXX,LANGUAGE,2018,11,2000,2018-11,2018-11-30
XXX,SECOND LANGUAGE,2019,2,2450,2019-02,2019-02-28
Xdinary Heroes,Beautiful Mind,2025,3,88584,2025-03,2025-03-31
Xdinary Heroes,Deadlock,2023,4,129698,2023-04,2023-04-30
Xdinary Heroes,"Hello, world!",2022,7,55380,2022-07,2022-07-31
Xdinary Heroes,LIVE and FALL,2024,10,97048,2024-10,2024-10-31
Xdinary Heroes,Livelock,2023,10,99402,2023-10,2023-10-31
Xdinary Heroes,Overload,2022,11,82469,2022-11,2022-11-30
Xdinary Heroes,Troubleshooting,2024,4,93220,2024-04,2024-04-30
YB (윤도현 밴드),REEL IMPULSE,2016,1,490,2016-01,2016-01-31
YB (윤도현밴드),Twilight State,2019,10,1553,2019-10,2019-10-31
YENA(최예나),GOOD MORNING,2024,1,76429,2024-01,2024-01-31
YENA(최예나),HATE XX,2023,6,98578,2023-06,2023-06-30
YENA(최예나),Love War,2023,1,108646,2023-01,2023-01-31
YENA(최예나),SMARTPHONE,2022,8,130041,2022-08,2022-08-31
YENA(최예나),SMiLEY,2022,1,118909,2022-01,2022-01-31
YENA(최예나),네모네모,2024,9,37326,2024-09,2024-09-30
YG Family,2014 World Tour : Power,2015,1,332,2015-01,2015-01-31
YOUNG POSSE (영파씨),ATE THAT EP,2024,8,8544,2024-08,2024-08-31
YOUNG POSSE (영파씨),COLD,2025,3,21046,2025-03,2025-03-31
YOUNITE,ANOTHER,2024,5,97027,2024-05,2024-05-31
YOUNITE,YOUNI-BIRTH,2022,4,28756,2022-04,2022-04-30
YOUNITE,YOUNI-ON,2022,10,63492,2022-10,2022-10-31
YOUNITE,YOUNI-Q,2022,7,47017,2022-07,2022-07-31
YOUNITE,빛 : BIT Part.1,2023,5,75637,2023-05,2023-05-31
YOUNITE,빛 : BIT Part.2,2023,10,88460,2023-10,2023-10-31
Young K (DAY6),Eternal,2021,9,56274,2021-09,2021-09-30
Young K (DAY6),Letters with notes,2023,9,53629,2023-09,2023-09-30
Yves (이브),I Did,2024,11,20906,2024-11,2024-11-30
Yves (이브),LOOP,2024,5,19154,2024-05,2024-05-31
ZELO(젤로),DISTANCE,2019,6,4291,2019-06,2019-06-30
ZEROBASEONE (제로베이스원),BLUE PARADISE,2025,2,1280982,2025-02,2025-02-28
ZEROBASEONE (제로베이스원),CINEMA PARADISE,2024,8,1202170,2024-08,2024-08-31
ZEROBASEONE (제로베이스원),MELTING POINT,2023,11,1869783,2023-11,2023-11-30
ZEROBASEONE (제로베이스원),YOUTH IN THE SHADE,2023,7,2034594,2023-07,2023-07-31
ZEROBASEONE (제로베이스원),You had me at HELLO,2024,5,1420773,2024-05,2024-05-31
aespa,Armageddon - The 1st Album,2024,5,1422598,2024-05,2024-05-31
aespa,Drama - The 4th Mini Album,2023,11,1357940,2023-11,2023-11-30
aespa,Girls - The 2nd Mini Album,2022,7,1836283,2022-07,2022-07-31
aespa,MY WORLD - The 3rd Mini Album,2023,5,2145613,2023-05,2023-05-31
aespa,Savage - The 1st Mini Album,2021,10,774416,2021-10,2021-10-31
aespa,Whiplash - The 5th Mini Album,2024,10,1119470,2024-10,2024-10-31
bugAboo (버가부),bugAboo,2021,11,4484,2021-11,2021-11-30
f(x),4 Walls - The 4th Album,2015,10,79853,2015-10,2015-10-31
f(x),Pink Tape,2015,1,7264,2015-01,2015-01-31
f(x),Red Light,2015,1,7490,2015-01,2015-01-31
god,THEN & NOW,2019,1,20004,2019-01,2019-01-31
god,god Single Album,2015,12,7831,2015-12,2015-12-31
iKON,2016 iKONCERT Showtime Tour In Seoul Live,2016,5,8501,2016-05,2016-05-31
iKON,NEW KIDS : BEGIN,2017,5,73823,2017-05,2017-05-31
iKON,NEW KIDS : CONTINUE,2018,8,105651,2018-08,2018-08-31
iKON,NEW KIDS : THE FINAL,2018,10,59484,2018-10,2018-10-31
iKON,NEW KIDS REPACKAGE : THE NEW KIDS,2019,1,64835,2019-01,2019-01-31
iKON,Return,2018,1,105355,2018-01,2018-01-31
iKON,WELCOME BACK,2015,10,177195,2015-10,2015-10-31
iKON,i DECIDE,2020,2,55254,2020-02,2020-02-29
iamnot (아이엠낫),Hope,2017,6,748,2017-06,2017-06-30
izna (이즈나),N/a,2024,11,258381,2024-11,2024-11-30
j-hope,HOPE ON THE STREET VOL.1,2024,3,540594,2024-03,2024-03-31
j-hope,Jack In The Box,2022,7,1124444,2022-07,2022-07-31
millic (밀릭),VIDA,2017,7,999,2017-07,2017-07-31
miss A,Colors,2015,3,10570,2015-03,2015-03-31
offonoff(오프온오프),boy.,2017,8,2196,2017-08,2017-08-31
pH-1,HALO,2019,3,3782,2019-03,2019-03-31
pH-1,X,2020,6,4579,2020-06,2020-06-30
tripleS (트리플에스),+,2025,1,4655,2025-01,2025-01-31
tripleS (트리플에스),+ystal Eyes ＜AESTHETIC＞,2023,5,50574,2023-05,2023-05-31
tripleS (트리플에스),ASSEMBLE,2023,2,45424,2023-02,2023-02-28
tripleS (트리플에스),Acid Angel from Asia ＜ ACCESS ＞,2022,11,30557,2022-11,2022-11-30
tripleS (트리플에스),EVOLution < ⟡ >,2023,10,25728,2023-10,2023-10-31
tripleS (트리플에스),EVOLution ＜⟡＞,2025,1,6084,2025-01,2025-01-31
tripleS (트리플에스),LOVElution < ↀ >,2023,8,35025,2023-08,2023-08-31
tripleS (트리플에스),Visionary Vision ＜Performante＞,2024,10,328171,2024-10,2024-10-31
tripleS (트리플에스),＜ASSEMBLE24＞,2024,5,211609,2024-05,2024-05-31
wave to earth,0.1 flaws and all.,2023,11,5307,2023-11,2023-11-30
wave to earth,uncounted 0.00,2024,5,9077,2024-05,2024-05-31
xikers(싸이커스),HOUSE OF TRICKY : Doorbell Ringing,2023,3,153548,2023-03,2023-03-31
xikers(싸이커스),HOUSE OF TRICKY : HOW TO PLAY,2023,8,245465,2023-08,2023-08-31
xikers(싸이커스),HOUSE OF TRICKY : Trial And Error,2024,3,229741,2024-03,2024-03-31
xikers(싸이커스),HOUSE OF TRICKY : WATCH OUT,2024,9,186840,2024-09,2024-09-30
가비엔제이 (Gavy NJ),7th Album Part.1 `Hello`,2015,11,473,2015-11,2015-11-30
가을방학,마음집,2017,7,1263,2017-07,2017-07-31
가을방학,세 번째 계절,2015,9,2635,2015-09,2015-09-30
가인,End Again,2016,9,2747,2016-09,2016-09-30
가인,Hawwah,2015,3,4530,2015-03,2015-03-31
강남,CHOCOLATE,2015,9,1349,2015-09,2015-09-30
강다니엘,ACT,2024,9,115820,2024-09,2024-09-30
강다니엘,CYAN,2020,3,266880,2020-03,2020-03-31
강다니엘,MAGENTA,2020,8,336915,2020-08,2020-08-31
강다니엘,REALIEZ,2023,6,169996,2023-06,2023-06-30
강다니엘,The Story,2022,5,319105,2022-05,2022-05-31
강다니엘,The Story : RETOLD,2022,11,94095,2022-11,2022-11-30
강다니엘,YELLOW,2021,4,318743,2021-04,2021-04-30
강다니엘,color on me,2019,7,503558,2019-07,2019-07-31
강명식,진리: 광야에서 하늘을 꿈꾸다,2015,3,475,2015-03,2015-03-31
강민경,강민경 1집,2019,2,2062,2019-02,2019-02-28
강소연,라흐마니노프 : 파가니니 주제에 의한 랩소디 / 쇼팽 : 피아노 협주곡 1번,2016,6,1067,2016-06,2016-06-30
강승윤,PAGE,2021,4,122202,2021-04,2021-04-30
강은수,"내일을 위한 미사, 첼로협주곡 '빈들에서', 대지와의 대화",2017,11,1026,2017-11,2017-11-30
강타,Eyes On You - The 4th Album,2022,9,8840,2022-09,2022-09-30
강타,‘Home’ Chapter 1 - The 1st Mini Album,2016,11,3172,2016-11,2016-11-30
강허달림,Beyond the Blues 강허달림,2015,3,592,2015-03,2015-03-31
강형규,에델바이스,2015,11,577,2015-11,2015-11-30
강혜원,W,2022,1,19999,2022-01,2022-01-31
갤럭시 익스프레스 (Galaxy Express),Walking On Empty,2015,8,373,2015-08,2015-08-31
거미,Fall In Memory,2015,4,814,2015-04,2015-04-30
거미,STROKE,2017,6,1078,2017-06,2017-06-30
걸스데이 (Girl's Day),Girl's Day Everyday #4,2015,1,1497,2015-01,2015-01-31
걸스데이 (Girl's Day),Girl's Day Everyday III,2015,1,396,2015-01,2015-01-31
걸스데이 (Girl`s Day),GIRL`S DAY EVERYDAY #5,2017,3,11301,2017-03,2017-03-31
걸스데이 (Girl`s Day),Girl`s Day Love Second Album,2015,7,29752,2015-07,2015-07-31
검정치마 (The Black Skirts),201,2016,11,773,2016-11,2016-11-30
검정치마 (The Black Skirts),Don`t You Worry Baby,2016,11,721,2016-11,2016-11-30
검정치마 (The Black Skirts),EVERYTHING,2016,1,1771,2016-01,2016-01-31
검정치마 (The Black Skirts),Hollywood,2015,4,2670,2015-04,2015-04-30
검정치마 (The Black Skirts),My Feet Don`t Touch The Ground,2016,11,617,2016-11,2016-11-30
검정치마 (The Black Skirts),TEAM BABY,2017,5,12140,2017-05,2017-05-31
검정치마 (The Black Skirts),TEEN TROUBLES,2022,9,18027,2022-09,2022-09-30
검정치마 (The Black Skirts),THIRSTY,2019,2,14423,2019-02,2019-02-28
검정치마 (The Black Skirts),내 고향 서울엔,2016,3,3000,2016-03,2016-03-31
고상지,Ataque Del Tango,2016,6,731,2016-06,2016-06-30
고성현,시간에 기대어,2016,4,634,2016-04,2016-04-30
고원 (이달의 소녀),Go Won,2018,1,14457,2018-01,2018-01-31
골든차일드,1st Album [Re-boot],2019,11,21743,2019-11,2019-11-30
골든차일드,1st Mini Album [Gol-Cha!],2017,8,27808,2017-08,2017-08-31
골든차일드,1st Single Album [Goldenness],2018,7,33953,2018-07,2018-07-31
골든차일드,2nd Album [Game Changer],2021,8,148177,2021-08,2021-08-31
골든차일드,2nd Mini Album [奇跡],2018,1,45875,2018-01,2018-01-31
골든차일드,2nd Single Album [Pump It Up],2020,10,98239,2020-10,2020-10-31
골든차일드,3rd Mini Album [WISH],2018,10,45307,2018-10,2018-10-31
골든차일드,4th Mini Album [Take A Leap],2020,6,65220,2020-06,2020-06-30
골든차일드,5th Mini Album [YES.],2021,1,113966,2021-01,2021-01-31
골든차일드,AURA,2022,8,89689,2022-08,2022-08-31
골든차일드,DDARA,2021,10,42432,2021-10,2021-10-31
골든차일드,Feel me,2023,11,39991,2023-11,2023-11-30
골든차일드,Without You,2020,1,22953,2020-01,2020-01-31
공민지,MINZY WORK 01 UNO,2017,4,3347,2017-04,2017-04-30
공원소녀(Girls in the Park),THE OTHER SIDE OF THE MOON,2021,6,8626,2021-06,2021-06-30
공원소녀(Girls in the Park),the Keys,2020,4,6879,2020-04,2020-04-30
공원소녀(Girls in the Park),밤의 공원 part one,2018,9,9301,2018-09,2018-09-30
공원소녀(Girls in the Park),밤의 공원 part three,2019,7,6373,2019-07,2019-07-31
공원소녀(Girls in the Park),밤의 공원 part two,2019,3,7703,2019-03,2019-03-31
곽진언,나랑 갈래,2016,5,4273,2016-05,2016-05-31
구공탄 (비투비),탕탕탕,2024,9,36628,2024-09,2024-09-30
구구단 (gugudan),1st Single [Act.3 Chococo Factory],2017,11,20435,2017-11,2017-11-30
구구단 (gugudan),Act.1 The Little Mermaid,2016,6,21604,2016-06,2016-06-30
구구단 (gugudan),Act.2 Narcissus,2017,2,29207,2017-02,2017-02-28
구구단 (gugudan),Act.4 Cait Sith,2018,2,20934,2018-02,2018-02-28
구구단 (gugudan),Act.5 New Action,2018,11,9813,2018-11,2018-11-30
구구단 세미나,SEMINA,2018,7,12312,2018-07,2018-07-31
구남과여라이딩스텔라,썬파워,2015,7,499,2015-07,2015-07-31
구준회,멍,2024,7,7200,2024-07,2024-07-31
구하라,HARA 1st Mini Album `ALOHARA`,2015,7,6280,2015-07,2015-07-31
국카스텐 (Guckkasten),Frame,2016,3,8618,2016-03,2016-03-31
국카스텐 (Guckkasten),STRANGER,2017,11,11194,2017-11,2017-11-30
권서경X고은성,MUSICA,2018,6,1181,2018-06,2018-06-30
권은비,Color,2022,4,57947,2022-04,2022-04-30
권은비,Lethality,2022,10,46188,2022-10,2022-10-31
권은비,OPEN,2021,8,58183,2021-08,2021-08-31
권은비,SABOTAGE,2024,6,11711,2024-06,2024-06-30
권은비,The Flash,2023,8,24807,2023-08,2023-08-31
권진아,웃긴 밤,2016,9,1600,2016-09,2016-09-30
규빈 (OnlyOneOf),undergrOund idOl #2,2022,7,7471,2022-07,2022-07-31
규현 (KYUHYUN),COLORS,2024,11,64973,2024-11,2024-11-30
규현 (KYUHYUN),Love Story - The 4th Mini Album,2022,1,55774,2022-01,2022-01-31
규현 (KYUHYUN),Restart,2024,1,50832,2024-01,2024-01-31
규현 (KYUHYUN),The 1st Mini Album `광화문에서`,2015,1,8806,2015-01,2015-01-31
규현 (KYUHYUN),너를 기다린다 - The 3rd Mini Album,2016,11,45475,2016-11,2016-11-30
규현 (KYUHYUN),너를 만나러 간다,2019,5,54059,2019-05,2019-05-31
규현 (KYUHYUN),다시 만나는 날,2017,5,25997,2017-05,2017-05-31
규현 (KYUHYUN),"다시, 가을이 오면 - The 2nd Mini Album",2015,10,45073,2015-10,2015-10-31
그라토 (Grato),위안 [Consuelo],2017,7,1039,2017-07,2017-07-31
그루비룸 (GroovyRoom),EVERYWHERE,2017,7,780,2017-07,2017-07-31
그리움 앙상블,엄마야 누나야,2020,5,2402,2020-05,2020-05-31
기리보이 (Giriboy),100년제전문대학,2019,6,4198,2019-06,2019-06-30
기리보이 (Giriboy),공상과학음악,2018,9,1829,2018-09,2018-09-30
기리보이 (Giriboy),성인식,2015,3,1886,2015-03,2015-03-31
기리보이 (Giriboy),치명적인 앨범 Ⅲ,2019,12,3974,2019-12,2019-12-31
기리보이(Giriboy),9컷,2021,5,4508,2021-05,2021-05-31
기리보이(Giriboy),avante,2021,10,5000,2021-10,2021-10-31
기리보이(Giriboy),hightechnology : 3곡 & Instrumentals,2018,8,1000,2018-08,2018-08-31
기리보이(Giriboy),기계적인 앨범,2016,6,1558,2016-06,2016-06-30
기리보이(Giriboy),졸업식,2017,12,1559,2017-12,2017-12-31
기욱 (ONEWE),現像 : 소년의 파란,2023,11,4316,2023-11,2023-11-30
기현 (몬스타엑스),VOYAGER,2022,3,207362,2022-03,2022-03-31
기현 (몬스타엑스),YOUTH,2022,10,160343,2022-10,2022-10-31
길 (리쌍),R.O.A.D PROJECT #1,2015,11,1104,2015-11,2015-11-30
길병민,The Road of Classics,2022,2,25674,2022-02,2022-02-28
길병민,꽃 때,2020,10,3361,2020-10,2020-10-31
김건모,50,2016,12,12788,2016-12,2016-12-31
김건모,Immortal Masterpiece,2015,1,616,2015-01,2015-01-31
김광석,김광석 Best,2015,1,45423,2015-01,2015-01-31
김광석,김광석 다시부르기 I & II,2016,4,2990,2016-04,2016-04-30
김광석,"김광석, 다시",2016,12,3199,2016-12,2016-12-31
김광석,김광석다시부르기1 & 2,2016,8,1128,2016-08,2016-08-31
김광석,"다시 부르기 1,2",2015,1,3761,2015-01,2015-01-31
김규종,Play in Nature,2018,4,1506,2018-04,2018-04-30
김규종,Play in Nature Part 3 SNOW FLAKE,2018,1,1790,2018-01,2018-01-31
김규종,Play in Nature Part.1 SPRING,2017,5,2500,2017-05,2017-05-31
김규종,Play in Nature Part.2 FOREST,2017,10,2435,2017-10,2017-10-31
김나연,모차르트 : 피아노 협주곡 9번 '죄놈' / 베토벤 : 피아노 협주곡 2번 Op. 19,2015,2,1105,2015-02,2015-02-28
김남주,BAD,2024,3,10409,2024-03,2024-03-31
김남주,Bird,2020,9,9061,2020-09,2020-09-30
"김대진, 수원시립교향악단",시벨리우스 : 교향곡 전곡,2016,3,1003,2016-03,2016-03-31
김도현,그 광야로,2015,6,382,2015-06,2015-06-30
김동률,KIMDONGRYUL LIVE 2019 오래된 노래,2020,10,13488,2020-10,2020-10-31
김동률,Kimdongryul Live 2012 감사 / 2014 동행,2015,8,9698,2015-08,2015-08-31
김동률,Monologue remastered,2021,9,5767,2021-09,2021-09-30
김동률,kimdongrYULE remastered,2021,8,4163,2021-08,2021-08-31
김동률,김동률 리패키지 [답장+],2019,9,3824,2019-09,2019-09-30
김동률,답장,2018,1,16532,2018-01,2018-01-31
김동률,답장+,2019,9,1000,2019-09,2019-09-30
김동률,답장+remastered,2021,6,5533,2021-06,2021-06-30
김동률,동행,2015,1,3658,2015-01,2015-01-31
김동률,동행 remastered,2021,7,5046,2021-07,2021-07-31
김동완,...LER,2020,1,11359,2020-01,2020-01-31
김동완,D,2015,10,11580,2015-10,2015-10-31
김동완,K,2016,4,2705,2016-04,2016-04-30
김동완,TRACE OF EMOTION,2017,11,15546,2017-11,2017-11-30
김동완,TRACE OF EMOTION : BLUE,2017,12,2900,2017-12,2017-12-31
김동완,W,2015,11,7272,2015-11,2015-11-30
김동한,D-DAY,2018,6,22041,2018-06,2018-06-30
김동한,D-HOURS AM 7:03,2019,5,16496,2019-05,2019-05-31
김동한,D-NIGHT,2018,10,19247,2018-10,2018-10-31
김립 (이달의 소녀),Kim Lip,2017,5,11526,2017-05,2017-05-31
김민석,회상,2024,2,6381,2024-02,2024-02-29
김보경,0516,2015,5,441,2015-05,2015-05-31
김봄소리 (Bomsori Kim),비에냐프스키 : 바이올린 협주곡 2번 & 쇼스타코비치 : 바이올린 협주곡 1번,2017,11,795,2017-11,2017-11-30
김사랑,HUMAN COMPLEX: Integrated,2015,7,448,2015-07,2015-07-31
김사월,수잔,2015,11,522,2015-11,2015-11-30
김삶,Mozart & Bruch Double Concertos,2019,6,1525,2019-06,2019-06-30
김성규,1st Album `10 Stories`,2018,2,58549,2018-02,2018-02-28
김성규,2023 S/S Collection,2023,6,25285,2023-06,2023-06-30
김성규,2nd Mini Album `27`,2015,5,75308,2015-05,2015-05-31
김성규,3rd Mini Album `INSIDE ME`,2020,12,43921,2020-12,2020-12-31
김성규,Another Me,2015,1,2191,2015-01,2015-01-31
김성규,Dear my fan,2022,11,9461,2022-11,2022-11-30
김성규,KIM SUNG KYU 1st Solo Concert Live,2018,8,10222,2018-08,2018-08-31
김성규,SAVIOR,2022,4,39320,2022-04,2022-04-30
김성규,Won`t Forget You,2021,3,11357,2021-03,2021-03-31
김세정,I'm,2021,3,7664,2021-03,2021-03-31
김세정,문,2023,9,27491,2023-09,2023-09-30
김소희,the Fillette,2017,11,3764,2017-11,2017-11-30
김수연,베르크 : 7개의 초기 가곡 / 베를리오즈 : 여름밤,2016,4,1046,2016-04,2016-04-30
김수지,생상스 : 바이올린 협주곡 3 & 2번,2016,6,1550,2016-06,2016-06-30
김수찬,수찬노래방,2020,7,3261,2020-07,2020-07-31
김심야,Dog,2020,11,4180,2020-11,2020-11-30
김연우,나의 너,2018,5,2356,2018-05,2018-05-31
김예림 (투개월),Simple Mind,2015,4,1773,2015-04,2015-04-30
김요한,Illusion,2022,1,55194,2022-01,2022-01-31
김용국,Friday n Night,2018,8,24273,2018-08,2018-08-31
김용국,MONO DIARY,2019,8,6256,2019-08,2019-08-31
김우석,1ST DESIRE [GREED],2020,5,116835,2020-05,2020-05-31
김우석,2ND DESIRE [TASTY],2021,2,93680,2021-02,2021-02-28
김우석,3RD DESIRE [Reve],2022,3,67495,2022-03,2022-03-31
김우석,Blank Page,2023,4,43274,2023-04,2023-04-30
김우성,MOTH,2022,5,9075,2022-05,2022-05-31
김우성,WOLF,2019,7,5998,2019-07,2019-07-31
김우진,I LIKE THE WAY,2024,4,35920,2024-04,2024-04-30
김우진,"The moment : 未成年, a minor.",2021,8,15448,2021-08,2021-08-31
김윤아,타인의 고통,2016,12,4040,2016-12,2016-12-31
김은경,아름다운 시절,2016,7,425,2016-07,2016-07-31
김은아,사랑의 돌직구,2015,6,905,2015-06,2015-06-30
김응수,Sehnsucht - 독주 바이올린을 위한 작품집,2017,10,1044,2017-10,2017-10-31
김재미,슈만 : 피아노 작품집 Love Story,2017,6,729,2017-06,2017-06-30
김재중,BORN GENE,2022,9,51523,2022-09,2022-09-30
김재중,FLOWER GARDEN,2024,6,115972,2024-06,2024-06-30
김재중,NO.X,2016,2,85465,2016-02,2016-02-29
김재중,SEQUENCE #4,2024,12,49800,2024-12,2024-12-31
김재중,애요,2020,1,114075,2020-01,2020-01-31
김재환,Another,2019,5,104293,2019-05,2019-05-31
김재환,Change,2021,4,49877,2021-04,2021-04-30
김재환,Empty Dream,2022,9,46805,2022-09,2022-09-30
김재환,I Adore,2024,5,33218,2024-05,2024-05-31
김재환,J.A.M,2023,6,41277,2023-06,2023-06-30
김재환,MOMENT,2019,12,69097,2019-12,2019-12-31
김재환,Ponytail,2024,1,27065,2024-01,2024-01-31
김재환,THE LETTER,2021,12,40562,2021-12,2021-12-31
김재환,봄바람,2023,3,23950,2023-03,2023-03-31
김정민,명창 김정민의 박녹주제 흥보가,2018,8,1103,2018-08,2018-08-31
김정훈,"Marry Me, Marry You",2016,5,1572,2016-05,2016-05-31
김조한,Once In A Lifetime,2015,11,437,2015-11,2015-11-30
김종현(JR),Brilliant Seasons,2024,1,25318,2024-01,2024-01-31
김종현(JR),MERIDIEM,2022,11,49770,2022-11,2022-11-30
김주택,Italiana,2019,6,1490,2019-06,2019-06-30
김지훈,그 자리에,2024,2,8355,2024-02,2024-02-29
김창완 밴드,용서,2015,2,773,2015-02,2015-02-28
김태균,녹색이념,2017,1,1784,2017-01,2017-01-31
김태우,T-ROAD,2015,6,2767,2015-06,2015-06-30
김태우,T-WITH,2017,7,1157,2017-07,2017-07-31
김태현,Born Again,2016,9,500,2016-09,2016-09-30
김필,Feel Free,2015,6,2506,2015-06,2015-06-30
김필,from Feel,2016,12,2416,2016-12,2016-12-31
김필,"yours, sincerely",2019,12,1766,2019-12,2019-12-31
김하온 (HAON),TRAVEL: NOAH,2018,9,2167,2018-09,2018-09-30
김해은,Bach : The Cello Suites ll,2015,11,774,2015-11,2015-11-30
김현수,Sogno,2018,4,1086,2018-04,2018-04-30
김현우 (딕펑스),HIANO,2016,10,719,2016-10,2016-10-31
김현중,A Bell of Blessing,2020,10,3359,2020-10,2020-10-31
김현중,NEW WAY,2019,2,9593,2019-02,2019-02-28
김형준,AM to PM 5-11-3,2017,3,2448,2017-03,2017-03-31
김형준,AM to PM 7-5-11-3,2017,4,486,2017-04,2017-04-30
김호중,A LIFE,2024,4,828996,2024-04,2024-04-30
김호중,PANORAMA,2022,7,685750,2022-07,2022-07-31
김호중,The Classic Album,2021,6,10000,2021-06,2021-06-30
김호중,The Classic Album I - My Favorite Arias,2020,12,266430,2020-12,2020-12-31
김호중,The Classic Album II - My Favorite Songs,2020,12,266268,2020-12,2020-12-31
김호중,우리家,2020,9,548044,2020-09,2020-09-30
김희재,희로애락,2024,3,131263,2024-03,2024-03-31
김희재,희재,2022,6,133104,2022-06,2022-06-30
김희철&김정모,종합선물세트 – The 2nd Mini Album,2016,7,10348,2016-07,2016-07-31
나비 (NAVI),Real Story,2015,1,325,2015-01,2015-01-31
나얼,Baby Funk,2018,2,4961,2018-02,2018-02-28
나얼,Back To The Soul Flight,2015,4,1668,2015-04,2015-04-30
나얼,Gloria,2018,1,4995,2018-01,2018-01-31
나얼,Principle Of My Soul,2018,4,7818,2018-04,2018-04-30
나얼,Sound Doctrine,2018,3,8398,2018-03,2018-03-31
나얼,기억의 빈자리,2017,12,2996,2017-12,2017-12-31
나연 (TWICE),IM NAYEON,2022,6,538323,2022-06,2022-06-30
나연 (TWICE),NA,2024,6,458684,2024-06,2024-06-30
나윤선,She Moves On,2017,5,1309,2017-05,2017-05-31
나인 (OnlyOneOf),undergrOund idOl #6,2023,1,13709,2023-01,2023-01-31
나인 뮤지스 (Nine Muses),DRAMA,2015,1,7967,2015-01,2015-01-31
나인 뮤지스 (Nine Muses),LOST,2015,11,6939,2015-11,2015-11-30
나인 뮤지스 (Nine Muses),MUSES DIARY PART.3 : LOVE CITY,2017,8,4559,2017-08,2017-08-31
나인뮤지스 (9MUSES),9MUSES S/S Edition,2015,7,7054,2015-07,2015-07-31
나인뮤지스 (Nine Muses),MUSES DIARY PART.2 : IDENTITY,2017,6,8092,2017-06,2017-06-30
나인뮤지스A,MUSES DIARY,2016,8,8484,2016-08,2016-08-31
나플라 (nafla),ANGELS,2017,10,2196,2017-10,2017-10-31
나플라 (nafla),new blood,2016,7,2023,2016-07,2016-07-31
나플라 (nafla),u n u,2020,4,2013,2020-04,2020-04-30
남우현,A New Journey,2019,5,44629,2019-05,2019-05-31
남우현,Second Write..,2018,9,57280,2018-09,2018-09-30
남우현,WHITREE,2023,11,53077,2023-11,2023-11-30
남우현,With,2021,10,29146,2021-10,2021-10-31
남우현,Write..,2016,5,83813,2016-05,2016-05-31
남우현,눈부셨다 : The Special Present For WHITREE,2024,6,16113,2024-06,2024-06-30
남태현(South Club),20,2018,5,2664,2018-05,2018-05-31
남태현(South Club),90,2017,7,5155,2017-07,2017-07-31
넉살 (Nucksal),1Q87,2020,10,2589,2020-10,2020-10-31
넉살 (Nucksal),작은 것들의 신,2016,2,1946,2016-02,2016-02-29
넬 (Nell),8집 COLORS IN BLACK,2019,10,6724,2019-10,2019-10-31
넬 (Nell),C,2016,8,12984,2016-08,2016-08-31
넬 (Nell),Dystopian`s Eutopia,2023,11,4003,2023-11,2023-11-30
넬 (Nell),Moments in beteween,2021,9,4921,2021-09,2021-09-30
넬 (Nell),행복했으면 좋겠어,2018,11,4636,2018-11,2018-11-30
노부스 사중주단 (Novus Quartet),to walk,2018,8,1378,2018-08,2018-08-31
노사연,바램,2015,5,12681,2015-05,2015-05-31
노선영,모차르트 : 피아노 협주곡 14번 & 두 대의 피아노를 위한 협주곡 K.365,2016,1,1041,2016-01,2016-01-31
노을,보이지 않는 것들,2015,1,903,2015-01,2015-01-31
노지훈,感,2015,9,647,2015-09,2015-09-30
노태현,biRTHday,2019,1,12252,2019-01,2019-01-31
뉴이스트 (NU`EST),Action,2017,5,10402,2017-05,2017-05-31
뉴이스트 (NU`EST),Face,2017,6,9769,2017-06,2017-06-30
뉴이스트 (NU`EST),I'm Bad,2015,3,5000,2015-03,2015-03-31
뉴이스트 (NU`EST),Q is,2016,2,27532,2016-02,2016-02-29
뉴이스트 (NU`EST),Re:BIRTH,2017,5,16950,2017-05,2017-05-31
뉴이스트 (NU`EST),The 2nd Album 'Romanticize',2021,4,206188,2021-04,2021-04-30
뉴이스트 (NU`EST),The 5th Mini Album `CANVAS`,2016,8,26101,2016-08,2016-08-31
뉴이스트 (NU`EST),The 6th Mini Album `Happily Ever After`,2019,4,273265,2019-04,2019-04-30
뉴이스트 (NU`EST),The 7th Mini Album `The Table`,2019,10,213722,2019-10,2019-10-31
뉴이스트 (NU`EST),The 7th Mini Album ‘The Table’,2019,10,6978,2019-10,2019-10-31
뉴이스트 (NU`EST),The 8th Mini Album `The Nocturne`,2020,5,196613,2020-05,2020-05-31
뉴이스트 (NU`EST),The 8th Mini Album ‘The Nocturne’,2020,5,5571,2020-05,2020-05-31
뉴이스트 (NU`EST),The Best Album `Needle & Bubble`,2022,3,80308,2022-03,2022-03-31
뉴이스트 (NU`EST),여보세요,2017,6,10987,2017-06,2017-06-30
뉴이스트 (NU`EST),잠꼬대,2017,5,9735,2017-05,2017-05-31
뉴이스트 W,"W, HERE",2017,10,308289,2017-10,2017-10-31
뉴이스트 W,"WAKE,N",2018,11,212345,2018-11,2018-11-30
뉴이스트 W,"WHO, YOU",2018,6,251032,2018-06,2018-06-30
뉴키드 (NewKidd),COME,2019,12,2053,2019-12,2019-12-31
뉴키드 (NewKidd),NEWKIDD,2019,5,3713,2019-05,2019-05-31
니엘 (NIEL),LOVE AFFAIR...,2017,1,15513,2017-01,2017-01-31
니엘 (NIEL),NIEL 1ST SOLO `oNIELy`,2015,2,26562,2015-02,2015-02-28
니엘 (NIEL),oNIELy `Spring Love`,2015,4,13018,2015-04,2015-04-30
닉쿤 (2PM),ME,2019,2,4352,2019-02,2019-02-28
다비치,&10,2018,1,3420,2018-01,2018-01-31
다비치,50 X HALF,2016,10,3927,2016-10,2016-10-31
다비치,DAVICHI HUG,2015,1,7340,2015-01,2015-01-31
다이나믹 듀오 (Dynamic Duo),GRAND CARNIVAL,2015,11,2025,2015-11,2015-11-30
다이아 (DIA),Do It Amazing,2015,9,2375,2015-09,2015-09-30
다이아 (DIA),Flower 4 Seasons,2020,6,6280,2020-06,2020-06-30
다이아 (DIA),Happy Ending,2016,6,9474,2016-06,2016-06-30
다이아 (DIA),LOVE GENERATION,2017,8,27482,2017-08,2017-08-31
다이아 (DIA),NEWTRO,2019,3,10576,2019-03,2019-03-31
다이아 (DIA),Spell,2016,9,13405,2016-09,2016-09-30
다이아 (DIA),Summer Ade,2018,8,12076,2018-08,2018-08-31
다이아 (DIA),YOLO,2017,4,18463,2017-04,2017-04-30
다이아 (DIA),선물,2017,10,9562,2017-10,2017-10-31
다크비(DKB),GROWTH,2020,10,5746,2020-10,2020-10-31
다크비(DKB),HIP,2023,11,51198,2023-11,2023-11-30
다크비(DKB),I Need Love,2023,6,47952,2023-06,2023-06-30
다크비(DKB),LOVE,2020,5,5360,2020-05,2020-05-31
다크비(DKB),REBEL,2022,5,6329,2022-05,2022-05-31
다크비(DKB),Rollercoaster,2021,11,4226,2021-11,2021-11-30
다크비(DKB),Urban Ride,2024,7,46811,2024-07,2024-07-31
다크비(DKB),We Love You,2023,8,30100,2023-08,2023-08-31
다크비(DKB),Youth,2020,2,2006,2020-02,2020-02-29
더 이스트라이트(TheEastLight),Six Senses,2017,7,3993,2017-07,2017-07-31
더 이스트라이트(TheEastLight),설레임,2018,5,3829,2018-05,2018-05-31
더 콰이엇 (The Quiett),1 Life 2 Live,2015,10,1540,2015-10,2015-10-31
더 콰이엇 (The Quiett),Millionaire Poetry,2017,6,901,2017-06,2017-06-30
"더 콰이엇 (The Quiett), 도끼 (Dok2)",Reborn + Millionaire Poetry,2017,6,1868,2017-06,2017-06-30
더보이즈(THE BOYZ),1ST ALBUM [REVEAL],2023,6,9996,2023-06,2023-06-30
더보이즈(THE BOYZ),1st Single Album [THE SPHERE],2018,9,64803,2018-09,2018-09-30
더보이즈(THE BOYZ),2ND ALBUM [PHANTASY] Pt.1 Christmas In August,2023,8,419645,2023-08,2023-08-31
더보이즈(THE BOYZ),2ND ALBUM [PHANTASY] Pt.2 Sixth Sense,2023,11,503727,2023-11,2023-11-30
더보이즈(THE BOYZ),2ND ALBUM [PHANTASY] Pt.3 Love Letter,2024,3,493544,2024-03,2024-03-31
더보이즈(THE BOYZ),2nd Single Album [Bloom Bloom],2019,4,153560,2019-04,2019-04-30
더보이즈(THE BOYZ),3rd MINI ALBUM [THE ONLY],2018,11,150255,2018-11,2018-11-30
더보이즈(THE BOYZ),3rd Single Album [MAVERICK],2021,11,650772,2021-11,2021-11-30
더보이즈(THE BOYZ),4th MINI ALBUM [DREAMLIKE],2023,6,10000,2023-06,2023-06-30
더보이즈(THE BOYZ),4th MINI ALBUM [DreamLike],2019,8,160594,2019-08,2019-08-31
더보이즈(THE BOYZ),5th MINI ALBUM [CHASE],2020,9,422825,2020-09,2020-09-30
더보이즈(THE BOYZ),6TH MINI ALBUM [THRILL-ING],2021,8,647143,2021-08,2021-08-31
더보이즈(THE BOYZ),7TH MINI ALBUM [BE AWARE],2022,8,588783,2022-08,2022-08-31
더보이즈(THE BOYZ),8th MINI ALBUM [BE AWAKE],2023,2,537727,2023-02,2023-02-28
더보이즈(THE BOYZ),9th MINI ALBUM [導火線],2024,10,504601,2024-10,2024-10-31
더보이즈(THE BOYZ),DEBUT ALBUM [THE FIRST],2017,12,77426,2017-12,2017-12-31
더보이즈(THE BOYZ),MINI ALBUM [THE START],2018,4,83896,2018-04,2018-04-30
더보이즈(THE BOYZ),REVEAL,2020,2,156092,2020-02,2020-02-29
더보이즈(THE BOYZ),Unexpected,2025,3,615031,2025-03,2025-03-31
더보이즈(THE BOYZ),웹툰 `나 혼자만 레벨업` OST Echo,2022,3,24716,2022-03,2022-03-31
더블에스301,ESTRENO,2016,6,8820,2016-06,2016-06-30
더블에스301,ETERNAL 0,2016,12,11591,2016-12,2016-12-31
더블에스301,ETERNAL 5,2016,2,13840,2016-02,2016-02-29
더윈드 (The Wind),Beginning : The Wind Page,2023,5,14225,2023-05,2023-05-31
더윈드 (The Wind),Hello : My First Love,2024,10,9978,2024-10,2024-10-31
더윈드 (The Wind),Only One Story,2025,3,12677,2025-03,2025-03-31
더윈드 (The Wind),Our : YouthTeen,2024,2,11266,2024-02,2024-02-29
더윈드 (The Wind),Ready : 여름방학,2023,8,12909,2023-08,2023-08-31
던밀스 (Don Mills),미래,2016,7,512,2016-07,2016-07-31
데이브레이크 (DAYBREAK),WITH,2016,6,2397,2016-06,2016-06-30
도끼 (Dok2),MUTILLIONAIRE,2015,6,3218,2015-06,2015-06-30
도끼 (Dok2),Reborn,2017,6,960,2017-06,2017-06-30
도영 (DOYOUNG),청춘의 포말 - The 1st Album,2024,4,384935,2024-04,2024-04-30
도한세 (빅톤),BLAZE,2021,10,7589,2021-10,2021-10-31
동방신기,20&2 - The 9th Album,2023,12,89454,2023-12,2023-12-31
동방신기,New Chapter #1 : The Chance of Love - The 8th Album,2018,3,143828,2018-03,2018-03-31
동방신기,New Chapter #2 : The Truth of Love - 15th Anniversary Special Album,2018,12,111898,2018-12,2018-12-31
동방신기,RISE AS GOD - TVXQ! SPECIAL ALBUM,2015,7,152453,2015-07,2015-07-31
동방신기,The 7th Album Repackage `수리수리`,2015,2,909,2015-02,2015-02-28
두번째달,그동안 뭐하고 지냈니?,2015,2,703,2015-02,2015-02-28
"듀에토 (백인태, 유슬기)",DUETTO,2017,5,4088,2017-05,2017-05-31
"듀에토 (백인태, 유슬기)",Miracle,2018,9,1118,2018-09,2018-09-30
드럭 레스토랑 (Drug Restaurant),Drug Restaurant,2016,6,5221,2016-06,2016-06-30
드렁큰 타이거 (Drunken Tiger),Drunken Tiger X : Rebirth Of Tiger JK,2018,11,5378,2018-11,2018-11-30
드림노트,Dream:us,2019,3,4253,2019-03,2019-03-31
드림노트,Dreamlike,2018,11,3532,2018-11,2018-11-30
드림노트,Dreamwish,2020,1,3786,2020-01,2020-01-31
드림노트,Secondary Page,2023,4,6515,2023-04,2023-04-30
드림캐쳐,1st Album [Dystopia : The Tree of Language],2020,2,58676,2020-02,2020-02-29
드림캐쳐,5th Mini Album [Dystopia : Lose Myself],2020,8,97859,2020-08,2020-08-31
드림캐쳐,Alone In The City,2018,9,26998,2018-09,2018-09-30
드림캐쳐,Dystopia : Lose Myself,2020,11,2584,2020-11,2020-11-30
드림캐쳐,Dystopia : Road to Utopia,2021,1,126614,2021-01,2021-01-31
드림캐쳐,Prequel,2017,7,11268,2017-07,2017-07-31
드림캐쳐,Raid of Dream,2019,9,31865,2019-09,2019-09-30
드림캐쳐,The End of Nightmare,2019,2,27958,2019-02,2019-02-28
드림캐쳐,[Apocalypse : Follow us],2022,10,110467,2022-10,2022-10-31
드림캐쳐,[Apocalypse : From us],2023,5,121435,2023-05,2023-05-31
드림캐쳐,[Apocalypse : Save us],2022,4,136239,2022-04,2022-04-30
드림캐쳐,[My Christmas Sweet Love],2024,12,31028,2024-12,2024-12-31
드림캐쳐,[Summer Holiday],2021,7,126294,2021-07,2021-07-31
드림캐쳐,[VillainS],2023,11,123006,2023-11,2023-11-30
드림캐쳐,[VirtuouS],2024,7,117375,2024-07,2024-07-31
드림캐쳐,악몽,2017,1,20212,2017-01,2017-01-31
드림캐쳐,악몽 - Fall asleep in the mirror,2017,4,8346,2017-04,2017-04-30
드림캐쳐,악몽·Escape the ERA,2018,5,25436,2018-05,2018-05-31
드림캐쳐,악몽·Fall asleep in the mirror,2024,10,16000,2024-10,2024-10-31
디셈버 (December),Reason,2015,6,500,2015-06,2015-06-30
디오 (D.O.),공감 - The 1st Mini Album,2021,7,378715,2021-07,2021-07-31
디오 (D.O.),기대 - The 2nd Mini Album,2023,9,211630,2023-09,2023-09-30
디오 (D.O.),성장 - THE 3RD MINI ALBUM,2024,5,144827,2024-05,2024-05-31
디원스 (D1CE),DRAW YOU : REMEMBER ME,2020,6,2799,2020-06,2020-06-30
디원스 (D1CE),Wake up : Roll the World,2019,8,6372,2019-08,2019-08-31
디홀릭 (D. Holic),머피와 샐리,2015,11,465,2015-11,2015-11-30
디홀릭 (D.Holic),쫄깃쫄깃,2015,7,624,2015-07,2015-07-31
딕펑스 (Dickpunks),"29,",2015,12,1867,2015-12,2015-12-31
딥플로우 (Deepflow),FOUNDER,2020,5,1361,2020-05,2020-05-31
딥플로우 (Deepflow),양화,2015,4,500,2015-04,2015-04-30
라붐 (LABOUM),Aalow Aalow,2015,12,1592,2015-12,2015-12-31
라붐 (LABOUM),BLOSSOM,2021,11,6292,2021-11,2021-11-30
라붐 (LABOUM),Between Us,2018,7,4980,2018-07,2018-07-31
라붐 (LABOUM),Fresh Adventure,2016,4,2150,2016-04,2016-04-30
라붐 (LABOUM),I`M YOURS,2018,12,2886,2018-12,2018-12-31
라붐 (LABOUM),LOVE SIGN,2016,8,3333,2016-08,2016-08-31
라붐 (LABOUM),MISS THIS KISS,2017,4,31472,2017-04,2017-04-30
라붐 (LABOUM),Two Of Us,2019,9,2044,2019-09,2019-09-30
라붐(LABOUM),Sugar Sugar,2015,3,1468,2015-03,2015-03-31
라비(RAVI),LOVE & FIGHT,2022,2,12419,2022-02,2022-02-28
라비(RAVI),R.OOK BOOK,2019,3,1346,2019-03,2019-03-31
라비(RAVI),RAVI 1ST LP `EL DORADO`,2020,2,7583,2020-02,2020-02-29
라비(RAVI),RAVI 1st MINI ALBUM `R.EAL1ZE`,2017,1,23547,2017-01,2017-01-31
라비(RAVI),RAVI 2nd MINI ALBUM [R.OOK BOOK],2019,3,18304,2019-03,2019-03-31
라비던스,The fourth power of four,2022,6,8000,2022-06,2022-06-30
라비던스,프리즘,2021,7,19693,2021-07,2021-07-31
라포엠 (LA POEM),Eclipse,2021,12,17857,2021-12,2021-12-31
라포엠 (LA POEM),SCENE#1,2020,12,36163,2020-12,2020-12-31
라포엠 (LA POEM),THE WAR,2022,9,18735,2022-09,2022-09-30
라포엠 (LA POEM),The Alchemist,2023,3,27342,2023-03,2023-03-31
라포엠 (LA POEM),시·詩·POEM,2023,10,15969,2023-10,2023-10-31
라포엠(LA POEM),MIRROR,2024,4,12500,2024-04,2024-04-30
러블리즈,"2nd Album Repackage [지금, 우리]",2017,5,24862,2017-05,2017-05-31
러블리즈,3rd Mini Album [Fall in Lovelyz],2017,11,43728,2017-11,2017-11-30
러블리즈,4th Mini Album 治癒,2018,4,42791,2018-04,2018-04-30
러블리즈,5th Mini Album `SANCTUARY`,2018,11,43386,2018-11,2018-11-30
러블리즈,6th Mini Album [Once upon a time],2019,5,54419,2019-05,2019-05-31
러블리즈,7th Mini Album [Unforgettable],2020,9,33984,2020-09,2020-09-30
러블리즈,A New Trilogy,2016,4,27585,2016-04,2016-04-30
러블리즈,Girls' Invasion,2015,1,3078,2015-01,2015-01-31
러블리즈,Hi~,2015,3,17498,2015-03,2015-03-31
러블리즈,Lovelinus,2015,12,14930,2015-12,2015-12-31
러블리즈,Lovelyz 2nd Album 'R U Ready?',2017,2,45992,2017-02,2017-02-28
러블리즈,Lovelyz8,2015,10,21844,2015-10,2015-10-31
러블리즈,Muse on Music,2018,9,6714,2018-09,2018-09-30
레드벨벳(Red Velvet),Chill Kill - The 3rd Album,2023,11,608449,2023-11,2023-11-30
레드벨벳(Red Velvet),Cosmic,2024,6,306406,2024-06,2024-06-30
레드벨벳(Red Velvet),Queendom - The 6th Mini Album,2021,8,373673,2021-08,2021-08-31
레드벨벳(Red Velvet),RBB - The 5th Mini Album,2018,11,130286,2018-11,2018-11-30
레드벨벳(Red Velvet),Rookie - The 4th Mini Album,2017,2,145283,2017-02,2017-02-28
레드벨벳(Red Velvet),Russian Roulette - The 3rd Mini Album,2016,9,111497,2016-09,2016-09-30
레드벨벳(Red Velvet),Summer Magic - Summer Mini Album,2018,8,226396,2018-08,2018-08-31
레드벨벳(Red Velvet),The 1st Mini Album `Ice Cream Cake`,2015,3,108052,2015-03,2015-03-31
레드벨벳(Red Velvet),The Perfect Red Velvet - The 2nd Album Repackage,2017,11,335961,2017-11,2017-11-30
레드벨벳(Red Velvet),The Red - The 1st Album,2015,9,95117,2015-09,2015-09-30
레드벨벳(Red Velvet),The Red Summer - Summer Mini Album,2017,7,142656,2017-07,2017-07-31
레드벨벳(Red Velvet),The Velvet - The 2nd Mini Album,2016,3,75376,2016-03,2016-03-31
레드벨벳(Red Velvet),`The ReVe Festival 2022 - Birthday`,2022,11,1037682,2022-11,2022-11-30
레드벨벳(Red Velvet),`The ReVe Festival 2022 - Feel My Rhythm`,2022,3,700387,2022-03,2022-03-31
레드벨벳(Red Velvet),`The ReVe Festival` Day 1,2019,6,269772,2019-06,2019-06-30
레드벨벳(Red Velvet),`The ReVe Festival` Day 2,2019,8,229803,2019-08,2019-08-31
레드벨벳(Red Velvet),`The ReVe Festival` Finale,2019,12,392367,2019-12,2019-12-31
레드벨벳-아이린&슬기,Monster - The 1st Mini Album,2020,7,251350,2020-07,2020-07-31
레드스퀘어 (REDSQUARE),1ST Single Album [PREQUEL],2020,5,1170,2020-05,2020-05-31
레떼아모르,Wish,2021,7,23599,2021-07,2021-07-31
레오(LEO),CANVAS,2018,7,46895,2018-07,2018-07-31
레오(LEO),MUSE,2019,6,34125,2019-06,2019-06-30
레오(LEO),Piano man Op. 9,2022,8,47392,2022-08,2022-08-31
레이 (LAY),LAY 02 SHEEP,2017,10,21214,2017-10,2017-10-31
"레이 (LAY), NCT 127, Jason Derulo",Let`s SHUT UP & DANCE,2019,3,3952,2019-03,2019-03-31
레이디스 코드 (LADIES` CODE),CODE#03 SET ME FREE,2019,10,1769,2019-10,2019-10-31
레이디스 코드 (LADIES` CODE),STRANG3R,2016,10,2227,2016-10,2016-10-31
레이디스 코드 (Ladies' Code),MYSTERY,2016,2,2899,2016-02,2016-02-29
레인보우 (Rainbow),Innocent,2015,2,4740,2015-02,2015-02-28
레인보우 (Rainbow),Prism,2016,2,3809,2016-02,2016-02-29
레인즈 (RAINZ),RAINZ 1ST MINI ALBUM `SUNSHINE`,2017,10,28657,2017-10,2017-10-31
레인즈 (RAINZ),RAINZ 2ND MINI ALBUM `SHAKE YOU UP`,2018,1,22002,2018-01,2018-01-31
렌 (REN),Ren`dezvous,2023,6,13523,2023-06,2023-06-30
려욱 (RYEOWOOK),A Wild Rose - The 3rd Mini Album,2022,5,28232,2022-05,2022-05-31
려욱 (RYEOWOOK),너에게 취해 - The 2nd Mini Album,2019,1,25785,2019-01,2019-01-31
려욱 (RYEOWOOK),어린왕자 - The 1st Mini Album,2016,1,39709,2016-01,2016-01-31
로꼬 (LOCO),BLEACHED,2017,5,3127,2017-05,2017-05-31
로꼬 (LOCO),HELLO,2019,2,4584,2019-02,2019-02-28
로드 보이즈 (Road Boyz),Show me Bang Bang,2015,11,423,2015-11,2015-11-30
로미오 (ROMEO),로미오 4th Mini ‘WITHOUT U’,2017,3,9189,2017-03,2017-03-31
로미오 (ROMEO),로미오 Special Edition `First Love`,2016,8,1601,2016-08,2016-08-31
로미오 (ROMEO),로미오 Special Edition `ONE fine DAY`,2017,5,1336,2017-05,2017-05-31
로미오(ROMEO),MIRO,2016,6,8784,2016-06,2016-06-30
로미오(ROMEO),ROMEO 2nd EP ZERO IN,2015,11,2158,2015-11,2015-11-30
로미오(ROMEO),The ROMEO,2015,5,3858,2015-05,2015-05-31
로열 파이럿츠 (Royal Pirates),3.3,2015,12,1295,2015-12,2015-12-31
로이킴,開花期,2017,5,5200,2017-05,2017-05-31
로이킴,그때 헤어지면 돼,2018,2,1898,2018-02,2018-02-28
로이킴,북두칠성,2015,12,6567,2015-12,2015-12-31
로제 (ROSE),R,2021,3,936851,2021-03,2021-03-31
로제 (ROSE),rosie,2024,12,552029,2024-12,2024-12-31
로켓펀치 (Rocket Punch),BLUE PUNCH,2020,8,24184,2020-08,2020-08-31
로켓펀치 (Rocket Punch),BOOM,2023,9,18948,2023-09,2023-09-30
로켓펀치 (Rocket Punch),FLASH,2022,8,26574,2022-08,2022-08-31
로켓펀치 (Rocket Punch),PINK PUNCH,2019,8,18561,2019-08,2019-08-31
로켓펀치 (Rocket Punch),RED PUNCH,2020,2,12583,2020-02,2020-02-29
로켓펀치 (Rocket Punch),Ring Ring,2021,5,26685,2021-05,2021-05-31
로켓펀치 (Rocket Punch),YELLOW PUNCH,2022,2,20665,2022-02,2022-02-28
루나 (LUNA),Free Somebody - The 1st Mini Album,2016,5,10318,2016-05,2016-05-31
루나&하슬 (이달의 소녀),LOOΠΔ&Haseul,2016,12,10080,2016-12,2016-12-31
루나(LUNA),SPECIAL EDITION [MOONLIGHT],2022,1,7781,2022-01,2022-01-31
루나솔라(LUNARSOLAR),SOLAR : flare,2020,9,3831,2020-09,2020-09-30
루네이트(LUN8),CONTINUE?,2023,6,79887,2023-06,2023-06-30
루시드 폴 (Lucid Fall),누군가를 위한,2015,12,4865,2015-12,2015-12-31
루이 (긱스),황문섭,2016,4,423,2016-04,2016-04-30
루카스 (LUCAS),Renegade - The 1st Single,2024,4,31961,2024-04,2024-04-30
루피 (Loopy),ICE,2017,5,700,2017-05,2017-05-31
루피 (Loopy),NO FEAR,2020,4,985,2020-04,2020-04-30
루피&나플라(Loopy&nafla),LooFla,2019,6,999,2019-06,2019-06-30
류수정,1st Mini Album [Tiger Eyes],2020,5,12208,2020-05,2020-05-31
류수정,Archive of emotions,2023,4,5246,2023-04,2023-04-30
리베란테 (Libelante),La Liberta,2023,12,26299,2023-12,2023-12-31
리베란테 (Libelante),Shine,2023,8,22503,2023-08,2023-08-31
리베란테 (Libelante),여정,2024,11,15000,2024-11,2024-11-30
리사 (LISA),LALISA,2021,9,805794,2021-09,2021-09-30
리얼걸프로젝트(Real Girls Project),아이돌마스터.KR OST One For All,2017,12,1000,2017-12,2017-12-31
리여석 기타 오케스트라,Recuerdos de la Alhambra,2018,5,1031,2018-05,2018-05-31
린 (LYn),9X9th,2015,9,798,2015-09,2015-09-30
"릴러말즈 (Leellamarz), TOIL",TOYSTORY3,2022,7,7313,2022-07,2022-07-31
마마무 (Mamamoo),BLUE;S,2018,11,56368,2018-11,2018-11-30
마마무 (Mamamoo),Hello,2015,8,12331,2015-08,2015-08-31
마마무 (Mamamoo),I SAY MAMAMOO: THE BEST,2021,9,59155,2021-09,2021-09-30
마마무 (Mamamoo),MEMORY,2016,11,57977,2016-11,2016-11-30
마마무 (Mamamoo),MIC ON,2022,10,132110,2022-10,2022-10-31
마마무 (Mamamoo),Melting,2016,2,52597,2016-02,2016-02-29
마마무 (Mamamoo),Piano Man,2015,8,3242,2015-08,2015-08-31
마마무 (Mamamoo),Pink Funky,2015,6,16225,2015-06,2015-06-30
마마무 (Mamamoo),Purple,2017,6,66509,2017-06,2017-06-30
마마무 (Mamamoo),RED MOON,2018,7,60561,2018-07,2018-07-31
마마무 (Mamamoo),TRAVEL,2020,11,174646,2020-11,2020-11-30
마마무 (Mamamoo),WAW,2021,6,130680,2021-06,2021-06-30
마마무 (Mamamoo),White Wind,2019,3,73674,2019-03,2019-03-31
마마무 (Mamamoo),Yellow Flower,2018,3,51447,2018-03,2018-03-31
마마무 (Mamamoo),reality in BLACK,2019,11,124473,2019-11,2019-11-30
마마무+,"ACT 1, SCENE 1",2023,3,101550,2023-03,2023-03-31
마마무+,TWO RABBITS,2023,8,72844,2023-08,2023-08-31
마스크 (MASC),Strange,2016,8,822,2016-08,2016-08-31
마이네임 (My Name),MYNAME 4TH SINGLE ALBUM,2015,5,10315,2015-05,2015-05-31
마이네임 (My Name),The 2nd Mini Album,2015,2,5046,2015-02,2015-02-28
마이비 (myB),또또,2015,11,635,2015-11,2015-11-30
마이비(myB),심장어택,2015,8,422,2015-08,2015-08-31
마이틴,F;UZZLE,2018,7,5331,2018-07,2018-07-31
마이틴,MYTEEN GO!,2017,7,2704,2017-07,2017-07-31
마인드유 (어쿠루브舊),Dear,2017,11,781,2017-11,2017-11-30
마커스 (Markers),The Marks Of Jesus,2015,3,5539,2015-03,2015-03-31
마크 (Mark Tuan),the other side,2022,9,35365,2022-09,2022-09-30
매드클라운 (Mad Clown),Piece Of Mine,2015,1,1492,2015-01,2015-01-31
매드클라운 (Mad Clown),사랑은 지옥에서 온 개,2017,3,657,2017-03,2017-03-31
매드타운 (MADTOWN),Welcome to MADTOWN,2015,3,2810,2015-03,2015-03-31
매드타운(MADTOWN),EMOTION,2016,6,6455,2016-06,2016-06-30
먼데이 키즈 (Monday Kiz),Reboot,2016,5,608,2016-05,2016-05-31
멜로디데이,#LoveMe,2015,6,987,2015-06,2015-06-30
멜로디데이,COLOR,2016,6,629,2016-06,2016-06-30
멜로디데이,KISS ON THE LIPS,2017,2,793,2017-02,2017-02-28
멜로디데이,Speed Up,2015,10,980,2015-10,2015-10-31
멜로망스(Melomance),The Fairy Tale,2018,7,1360,2018-07,2018-07-31
모모랜드 (MOMOLAND),Freeze!,2017,8,3664,2017-08,2017-08-31
모모랜드 (MOMOLAND),Fun to The World,2018,6,14498,2018-06,2018-06-30
모모랜드 (MOMOLAND),GREAT!,2018,1,22596,2018-01,2018-01-31
모모랜드 (MOMOLAND),MOMOLAND Special Album Starry Night,2020,6,4817,2020-06,2020-06-30
모모랜드 (MOMOLAND),Ready Or Not,2020,11,3524,2020-11,2020-11-30
모모랜드 (MOMOLAND),Show Me,2019,3,9153,2019-03,2019-03-31
모모랜드 (MOMOLAND),Thumbs Up,2020,1,5688,2020-01,2020-01-31
모모랜드 (MOMOLAND),Welcome to Momolan,2016,11,2482,2016-11,2016-11-30
몬스타엑스,ARE YOU THERE? - The 2nd Album Take.1,2018,10,239137,2018-10,2018-10-31
몬스타엑스,FANTASIA X,2020,5,270622,2020-05,2020-05-31
몬스타엑스,Fatal Love,2020,11,305606,2020-11,2020-11-30
몬스타엑스,NO LIMIT,2021,11,456266,2021-11,2021-11-30
몬스타엑스,One Of A Kind,2021,6,372692,2021-06,2021-06-30
몬스타엑스,REASON,2023,1,437608,2023-01,2023-01-31
몬스타엑스,Rush,2015,9,65539,2015-09,2015-09-30
몬스타엑스,SHAPE of LOVE,2022,4,453259,2022-04,2022-04-30
몬스타엑스,SHINE FOREVER,2017,6,72086,2017-06,2017-06-30
몬스타엑스,THE CLAN Pt.2 `GUILTY`,2016,10,101200,2016-10,2016-10-31
몬스타엑스,THE CLAN pt.1 `LOST`,2016,5,96718,2016-05,2016-05-31
몬스타엑스,THE CLAN pt.2.5 [BEAUTIFUL],2017,3,136653,2017-03,2017-03-31
몬스타엑스,THE CODE,2017,11,167160,2017-11,2017-11-30
몬스타엑스,THE CONNECT : DEJAVU,2018,3,184551,2018-03,2018-03-31
몬스타엑스,TRESPASS,2015,5,36230,2015-05,2015-05-31
몬스타엑스,WE ARE HERE - The 2nd Album Take.2,2019,2,250854,2019-02,2019-02-28
몬스타엑스,`FOLLOW` : FIND YOU,2019,10,250532,2019-10,2019-10-31
못 (Mot),재의 기술,2016,2,1244,2016-02,2016-02-29
몽니 (Monni),10주년 기념 베스트앨범 Fix,2015,10,998,2015-10,2015-10-31
몽니 (Monni),한참을 뛰어오기만 한 너에게,2016,10,602,2016-10,2016-10-31
문별,6equence,2022,1,85959,2022-01,2022-01-31
문별,C.I.T.T,2022,4,110384,2022-04,2022-04-30
문별,Dark Side of the Moon,2020,2,72849,2020-02,2020-02-29
문별,Starlit of Muse,2024,2,115594,2024-02,2024-02-29
문별,Starlit of Twinkle : REPACKAGE,2024,8,8648,2024-08,2024-08-31
문별,The Present,2022,12,45821,2022-12,2022-12-31
문별,門OON : Repackage,2020,5,36929,2020-05,2020-05-31
문빈&산하,IN-OUT,2020,9,70120,2020-09,2020-09-30
문빈&산하,INCENSE,2023,1,143582,2023-01,2023-01-31
문빈&산하,REFUGE,2022,3,145437,2022-03,2022-03-31
문샤인,Time 2 Shine,2015,5,500,2015-05,2015-05-31
문종업,HEADACHE,2020,5,2075,2020-05,2020-05-31
문종업,PETER,2024,11,13799,2024-11,2024-11-30
문종업,SOME,2023,10,40939,2023-10,2023-10-31
문지영,Schumann : Piano Sonata No.1,2017,9,693,2017-09,2017-09-30
문희준,20th Anniversary,2016,11,2331,2016-11,2016-11-30
미교,빗소리,2018,6,2180,2018-06,2018-06-30
미라클라스,Romantica,2018,10,2881,2018-10,2018-10-31
미래소년 (MIRAE),Boys will be Boys - 5th Mini Album,2023,7,31175,2023-07,2023-07-31
미래소년 (MIRAE),KILLA - 1st Mini Album,2021,3,30221,2021-03,2021-03-31
미래소년 (MIRAE),Marvelous - 3rd Mini Album,2022,1,49560,2022-01,2022-01-31
미래소년 (MIRAE),Ourturn - 4th Mini Album,2022,9,49188,2022-09,2022-09-30
미래소년 (MIRAE),Snow Prince - Special Single,2022,12,10009,2022-12,2022-12-31
미래소년 (MIRAE),Splash - 2nd Mini Album,2021,8,49900,2021-08,2021-08-31
미스터미스터 (Mr.Mr),Out,2015,4,1576,2015-04,2015-04-30
미스터트롯 TOP6,감사,2021,10,12280,2021-10,2021-10-31
미연 ((여자)아이들),MY,2022,4,109994,2022-04,2022-04-30
민니 ((여자)아이들),HER,2025,1,198993,2025-01,2025-01-31
민아(걸스데이),I am a Woman too,2015,3,16452,2015-03,2015-03-31
민호 (MINHO),CALL BACK - The 1st Album,2024,11,85938,2024-11,2024-11-30
민호 (MINHO),CHASE - The 1st Mini Album,2022,12,75044,2022-12,2022-12-31
밍스,Love Shake,2015,7,1742,2015-07,2015-07-31
바다,Flower,2016,6,1221,2016-06,2016-06-30
바비 (BOBBY),1st Single `S.i.R`,2023,3,35170,2023-03,2023-03-31
바비 (BOBBY),LOVE AND FALL,2017,9,39057,2017-09,2017-09-30
바비 (BOBBY),LUCKY MAN,2021,1,54221,2021-01,2021-01-31
바비 (BOBBY),ROBERT,2023,10,7593,2023-10,2023-10-31
바비 (BOBBY),Sir.Robert,2024,3,7165,2024-03,2024-03-31
바시티,"VARSITY 1st Mini Album `U & I, Date`",2017,10,1321,2017-10,2017-10-31
바이브 (Vibe),ABOUT ME,2018,10,1312,2018-10,2018-10-31
바이브 (Vibe),Repeat,2016,4,2493,2016-04,2016-04-30
바이브 (Vibe),Repeat & Slur,2016,11,1130,2016-11,2016-11-30
박경,1st MINI ALBUM `NOTEBOOK`,2017,1,9248,2017-01,2017-01-31
박경,귀차니스트,2019,5,1500,2019-05,2019-05-31
박경,사랑을 한 번 할 수 있다면,2019,11,2254,2019-11,2019-11-30
박보검,ALL MY LOVE,2020,8,5000,2020-08,2020-08-31
박보람,CELEPRETTY,2015,4,880,2015-04,2015-04-30
박봄,SPRING,2019,3,15137,2019-03,2019-03-31
박봄,re:BLUE ROSE,2019,5,7410,2019-05,2019-05-31
박상민,Best Story For 20th Anniversary,2015,9,300,2015-09,2015-09-30
박서진,춘몽,2023,3,118949,2023-03,2023-03-31
박소연,CRY,2017,3,1035,2017-03,2017-03-31
박소현,All About Romance,2019,12,1171,2019-12,2019-12-31
박시환,Rainbow Taste,2015,4,5555,2015-04,2015-04-30
박시환,괴물,2015,11,3943,2015-11,2015-11-30
박시환,나로 노래하다,2017,1,765,2017-01,2017-01-31
"박영민, 부천 필하모닉 오케스트라",말러 : 교향곡 1번 '거인',2017,4,1927,2017-04,2017-04-30
"박영민, 부천 필하모닉 오케스트라",말러 : 교향곡 6번 '비극적',2016,4,1688,2016-04,2016-04-30
"박영민, 부천 필하모닉 오케스트라",말러 : 교향곡 9번,2019,12,1841,2019-12,2019-12-31
박우진 (AB6IX),oWn,2023,2,14252,2023-02,2023-02-28
박유천,RE:mind,2020,11,15695,2020-11,2020-11-30
박유천,Slow dance,2019,2,22996,2019-02,2019-02-28
박유천,당신의 지갑에는 얼마의 사랑이 있나요.,2016,1,67921,2016-01,2016-01-31
박은식,쇼팽 : 녹턴 전집,2019,12,1044,2019-12,2019-12-31
박재범,EVERYTHING YOU WANTED,2016,10,23292,2016-10,2016-10-31
박재범,THE ONE YOU WANTED,2024,10,19839,2024-10,2024-10-31
박재범,The Road Less Traveled,2019,6,6175,2019-06,2019-06-30
박재범,WORLDWIDE,2015,11,32868,2015-11,2015-11-30
"박재범, Ugly Duck",Scene Stealers,2016,7,500,2016-07,2016-07-31
박정현,The Wonder,2019,8,991,2019-08,2019-08-31
"박정현, 브랜뉴 뮤직",SYNCROFUSION,2015,1,516,2015-01,2015-01-31
박종화,Nunaya,2015,9,912,2015-09,2015-09-30
박주원,집시 시네마,2015,12,494,2015-12,2015-12-31
박지윤,parkjiyoon9,2017,3,2195,2017-03,2017-03-31
박지현,OCEAN,2025,1,249067,2025-01,2025-01-31
박지훈,360,2019,12,103392,2019-12,2019-12-31
박지훈,Blank or Black,2023,4,44606,2023-04,2023-04-30
박지훈,HOT&COLD,2021,10,42713,2021-10,2021-10-31
박지훈,MESSAGE,2020,11,79461,2020-11,2020-11-30
박지훈,My Collection,2021,8,55707,2021-08,2021-08-31
박지훈,O`CLOCK,2019,3,108807,2019-03,2019-03-31
박지훈,THE ANSWER,2022,10,40959,2022-10,2022-10-31
박지훈,The W,2020,5,85760,2020-05,2020-05-31
박창근,Re:born,2022,7,42898,2022-07,2022-07-31
박창근,박창근 BEST 20,2022,4,14600,2022-04,2022-04-30
박효신,Gift Part 1,2015,4,3568,2015-04,2015-04-30
박효신,Gift Part 2,2015,4,4818,2015-04,2015-04-30
박효신,I am A Dreamer,2016,10,46844,2016-10,2016-10-31
박효신,Second Story,2019,10,1700,2019-10,2019-10-31
박효신,Time-honored voice,2019,11,4000,2019-11,2019-11-30
박효신,뮤지컬 웃는남자 박효신 스페셜 넘버,2020,11,3630,2020-11,2020-11-30
박효신,해줄 수 없는 일,2019,10,1546,2019-10,2019-10-31
방백 (bahngbek),너의 손,2016,1,553,2016-01,2016-01-31
방예담,GOOD ViBES,2024,9,8570,2024-09,2024-09-30
방예담,ONLY ONE,2023,11,57182,2023-11,2023-11-30
방용국,2,2022,3,12455,2022-03,2022-03-31
방용국,BANGYONGGUK,2019,3,12638,2019-03,2019-03-31
방용국,THE COLORS OF LOVE,2023,5,9209,2023-05,2023-05-31
방용국&정대현&유영재&문종업,CURTAIN CALL,2024,8,67123,2024-08,2024-08-31
방용국&정대현&유영재&문종업,Christmas With You,2024,12,26269,2024-12,2024-12-31
방탄소년단,2 Cool 4 Skool,2015,1,482560,2015-01,2015-01-31
방탄소년단,BE,2020,11,3794402,2020-11,2020-11-30
방탄소년단,BTS WORLD OST,2019,6,553364,2019-06,2019-06-30
방탄소년단,Butter,2021,7,3182116,2021-07,2021-07-31
방탄소년단,DARK&WILD,2015,1,533980,2015-01,2015-01-31
방탄소년단,Dynamite,2020,12,90000,2020-12,2020-12-31
방탄소년단,LOVE YOURSELF 承 `Her`,2017,9,3145349,2017-09,2017-09-30
방탄소년단,LOVE YOURSELF 結 `Answer`,2018,8,3373306,2018-08,2018-08-31
방탄소년단,LOVE YOURSELF 轉 `Tear`,2018,5,3217725,2018-05,2018-05-31
방탄소년단,MAP OF THE SOUL : 7,2020,2,5027599,2020-02,2020-02-29
방탄소년단,MAP OF THE SOUL : PERSONA,2019,4,4662591,2019-04,2019-04-30
방탄소년단,"O!RUL8,2?",2015,1,495105,2015-01,2015-01-31
방탄소년단,Proof,2022,6,3523184,2022-06,2022-06-30
방탄소년단,Skool Luv Affair,2015,1,571188,2015-01,2015-01-31
방탄소년단,Skool Luv Affair Special Addition,2020,10,669062,2020-10,2020-10-31
방탄소년단,The Planet OST,2023,5,40378,2023-05,2023-05-31
방탄소년단,WINGS,2016,10,1512946,2016-10,2016-10-31
방탄소년단,YOU NEVER WALK ALONE,2017,2,1440918,2017-02,2017-02-28
방탄소년단,화양연화 Young Forever,2016,5,1127788,2016-05,2016-05-31
방탄소년단,화양연화 pt.1,2015,4,790536,2015-04,2015-04-30
방탄소년단,화양연화 pt.2,2015,11,994126,2015-11,2015-11-30
배진영,끝을 받아들이기가 어려워,2019,5,64447,2019-05,2019-05-31
배치기,甲中甲,2015,8,460,2015-08,2015-08-31
백건우,Favourite Piano Sonatas,2015,7,580,2015-07,2015-07-31
백건우,Rachmaninoff Piano Sonatas,2016,1,419,2016-01,2016-01-31
백건우,쇼팽: 녹턴 전집,2019,3,4198,2019-03,2019-03-31
백수현,Nostalgia,2018,3,1219,2018-03,2018-03-31
백예린,Every letter I sent you.,2020,1,29316,2020-01,2020-01-31
백예린,Our love is great,2019,4,3000,2019-04,2019-04-30
백예린,Turn on that Blue Vinyl,2023,7,7820,2023-07,2023-07-31
백예린,tellusboutyourself,2021,1,20338,2021-01,2021-01-31
백예린,물고기,2022,7,10315,2022-07,2022-07-31
백예린,선물,2021,10,20196,2021-10,2021-10-31
백지영,Sensibility,2015,9,434,2015-09,2015-09-30
백지영,Smile Again,2015,9,434,2015-09,2015-09-30
백퍼센트,SKETCHBOOK,2017,2,13261,2017-02,2017-02-28
백퍼센트,Sunshine,2018,9,17156,2018-09,2018-09-30
백퍼센트,TIME LEAP,2016,10,14576,2016-10,2016-10-31
백퍼센트,미니 6집 [RE:tro],2019,3,22092,2019-03,2019-03-31
백현 (BAEKHYUN),Bambi - The 3rd Mini Album,2021,3,1005467,2021-03,2021-03-31
백현 (BAEKHYUN),City Lights - The 1st Mini Album,2019,7,612756,2019-07,2019-07-31
백현 (BAEKHYUN),Delight - The 2nd Mini Album,2020,5,1027866,2020-05,2020-05-31
백현 (BAEKHYUN),"Hello, World - The 4th Mini Album",2024,9,1247553,2024-09,2024-09-30
백호,Absolute Zero,2022,10,81300,2022-10,2022-10-31
뱀뱀 (BamBam),B,2022,1,100468,2022-01,2022-01-31
뱀뱀 (BamBam),BAMESIS,2024,8,105493,2024-08,2024-08-31
뱀뱀 (BamBam),Sour & Sweet,2023,3,103377,2023-03,2023-03-31
뱀뱀 (BamBam),riBBon,2021,6,133544,2021-06,2021-06-30
버벌진트 (Verbal Jint),GO HARD,2015,12,1891,2015-12,2015-12-31
"버벌진트, 산체스(팬텀)",여자,2015,9,766,2015-09,2015-09-30
버스커 버스커 (Busker Busker),1집+1집 마무리,2021,10,11690,2021-10,2021-10-31
버스커 버스커 (Busker Busker),버스커 버스커 1집,2015,3,4935,2015-03,2015-03-31
버스커 버스커 (Busker Busker),정규 1집,2017,4,995,2017-04,2017-04-30
버스터리드 (Burstered),Independent,2015,2,341,2015-02,2015-02-28
버스터즈,Pinky Promise,2019,8,1972,2019-08,2019-08-31
버스터즈,피오니아,2020,5,1947,2020-05,2020-05-31
버스터즈 (busters),포도포도해,2018,6,1399,2018-06,2018-06-30
버즈 (Buzz),`15` - Buzz The 2nd Mini Album,2018,12,3572,2018-12,2018-12-31
버즈 (Buzz),`Be One` - Buzz The 1st Mini Album,2017,7,5301,2017-07,2017-07-31
범키,U-TURN,2016,2,548,2016-02,2016-02-29
베리굿,FREE TRAVEL,2018,8,1497,2018-08,2018-08-31
베리굿,Glory,2016,10,1450,2016-10,2016-10-31
베리굿,Very Berry,2016,4,1307,2016-04,2016-04-30
베스티,Love Emotion,2015,5,3945,2015-05,2015-05-31
벤 (Ben),180˚,2018,12,1429,2018-12,2018-12-31
벤 (Ben),RECIPE,2018,5,985,2018-05,2018-05-31
보아 (BoA),BETTER - The 10th Album,2020,12,15665,2020-12,2020-12-31
보아 (BoA),Forgive Me - The 3rd Mini Album,2022,11,18233,2022-11,2022-11-30
보아 (BoA),Kiss My Lips - The 8th Album,2015,5,12386,2015-05,2015-05-31
보아 (BoA),"ONE SHOT, TWO SHOT - The 1st Mini Album",2018,2,9628,2018-02,2018-02-28
보아 (BoA),Starry Night - The 2nd Mini Album,2019,12,8817,2019-12,2019-12-31
보아 (BoA),WOMAN - The 9th Album,2018,10,8537,2018-10,2018-10-31
보이프렌드(Boyfriend),BOYFRIEND 5th EP `NEVER END`,2017,8,42764,2017-08,2017-08-31
보이프렌드(Boyfriend),Boyfriend In Wonderland,2015,3,20102,2015-03,2015-03-31
볼빨간사춘기,Filmlet,2020,11,3175,2020-11,2020-11-30
볼빨간사춘기,Half Album RED ICKLE,2016,10,659,2016-10,2016-10-31
볼빨간사춘기,Merry Go Round,2023,12,3788,2023-12,2023-12-31
볼빨간사춘기,Red Diary Page.1,2017,9,13277,2017-09,2017-09-30
볼빨간사춘기,Red Diary Page.2,2018,5,8375,2018-05,2018-05-31
볼빨간사춘기,Red Planet,2016,9,25435,2016-09,2016-09-30
볼빨간사춘기,Two Five,2019,9,5162,2019-09,2019-09-30
볼빨간사춘기,사춘기집Ⅰ 꽃기운,2019,4,5689,2019-04,2019-04-30
볼빨간사춘기,사춘기집Ⅱ 꽃 본 나비,2020,5,5536,2020-05,2020-05-31
부석순 (SEVENTEEN),1st Single Album `SECOND WIND`,2023,2,821410,2023-02,2023-02-28
부석순 (SEVENTEEN),2nd Single Album `TELEPARTY`,2025,1,705749,2025-01,2025-01-31
"부천 필하모닉 오케스트라, 박영민","Gustav Mahler, Symphony No.2 RESURRECTION",2018,11,1890,2018-11,2018-11-30
브라운 아이드 걸스,BASIC,2015,11,4968,2015-11,2015-11-30
브라운 아이드 걸스,RE_vive,2019,10,5763,2019-10,2019-10-31
브라운 아이드 소울 (Brown Eyed Soul),It` Soul Right,2019,9,6719,2019-09,2019-09-30
브라운 아이드 소울 (Brown Eyed Soul),Soul Cooke,2016,3,1278,2016-03,2016-03-31
브라운 아이드 소울 (Brown Eyed Soul),Soul Free,2015,4,3992,2015-04,2015-04-30
브라운 아이드 소울 (Brown Eyed Soul),"The Wind, The Sea, The Rain",2017,6,1694,2017-06,2017-06-30
브라운 아이드 소울 (Brown Eyed Soul),"The Wind,The Sea,The Rain",2015,4,1991,2015-04,2015-04-30
브라운 아이드 소울 (Brown Eyed Soul),`SOUL COOKE`,2015,12,12492,2015-12,2015-12-31
브라운 아이즈 (Brown Eyes),2집 Reason 4 Breathing?,2015,4,1586,2015-04,2015-04-30
브라운 아이즈 (Brown Eyes),Brown Eyes,2015,4,4482,2015-04,2015-04-30
브라운 아이즈 (Brown Eyes),Reason 4 Breathing?,2016,3,2445,2016-03,2016-03-31
브라운 아이즈 (Brown Eyes),Two Things Needed For The Same Purpose And 5 Objets,2016,3,2348,2016-03,2016-03-31
브레이브걸스 (Brave Girls),After `We Ride`,2021,8,15404,2021-08,2021-08-31
브레이브걸스 (Brave Girls),High Heels,2016,6,626,2016-06,2016-06-30
브레이브걸스 (Brave Girls),Rollin`,2017,3,1091,2017-03,2017-03-31
브레이브걸스 (Brave Girls),Summer Queen,2021,6,75663,2021-06,2021-06-30
브레이브걸스 (Brave Girls),THANK YOU,2022,3,28591,2022-03,2022-03-31
브로맨스,The Action,2016,7,567,2016-07,2016-07-31
브로맨스 (VROMANCE),Romance,2017,1,657,2017-01,2017-01-31
브로콜리 너마저,공업탑,2016,9,1349,2016-09,2016-09-30
브로콜리 너마저,잊어야 할 일은 잊어요,2016,9,1463,2016-09,2016-09-30
브로콜리너마저,속물들,2019,6,1004,2019-06,2019-06-30
브로콜리너마저,천천히,2016,7,444,2016-07,2016-07-31
브브걸 (BBGIRLS),LOVE 2,2025,1,5000,2025-01,2025-01-31
브브걸 (BBGIRLS),ONE MORE TIME,2023,8,10000,2023-08,2023-08-31
블락비 (Block B),1집 Blockbuster,2015,1,1092,2015-01,2015-01-31
블락비 (Block B),Blooming Period,2016,4,57463,2016-04,2016-04-30
블락비 (Block B),H.E.R,2015,1,3247,2015-01,2015-01-31
블락비 (Block B),MONTAGE,2017,11,30041,2017-11,2017-11-30
블락비 (Block B),Re:MONTAGE,2018,1,21431,2018-01,2018-01-31
블락비 바스타즈,I`m a mess.,2019,4,9581,2019-04,2019-04-30
블락비 바스타즈,WELCOME 2 BASTARZ,2016,10,20946,2016-10,2016-10-31
블락비 바스타즈,품행제로,2015,4,33766,2015-04,2015-04-30
블레이디(Blady),Renovation,2015,4,653,2015-04,2015-04-30
블루 (BLOO),BLOO IN WONDERLAND,2018,12,1117,2018-12,2018-12-31
블루 (BLOO),BLOO IN WONDERLAND 2,2021,7,4500,2021-07,2021-07-31
블루 (BLOO),Downtown Baby,2017,12,742,2017-12,2017-12-31
블루 (BLOO),MOON AND BACK,2021,11,5000,2021-11,2021-11-30
블리처스 (BLITZERS),BOBBIN,2022,1,18336,2022-01,2022-01-31
블리처스 (BLITZERS),CHECK-IN,2021,5,10665,2021-05,2021-05-31
블리처스 (BLITZERS),LUNCH-BOX,2024,6,69239,2024-06,2024-06-30
블리처스 (BLITZERS),SEAT-BELT,2021,10,28883,2021-10,2021-10-31
블리처스 (BLITZERS),WIN-DOW,2022,7,53161,2022-07,2022-07-31
블리처스 (BLITZERS),마카레나,2023,4,25146,2023-04,2023-04-30
비,PIECES by RAIN,2021,3,11361,2021-03,2021-03-31
비 (Rain),MY LIFE 愛,2017,12,8952,2017-12,2017-12-31
비비 (이달의 소녀),ViVi,2017,4,8716,2017-04,2017-04-30
비비(BIBI),Lowlife Princess: Noir,2022,11,18711,2022-11,2022-11-30
비비(BIBI),인생은 나쁜X,2021,5,4257,2021-05,2021-05-31
비스트 (Beast),Good Luck,2015,1,1002,2015-01,2015-01-31
비스트 (Beast),Highlight,2016,7,77306,2016-07,2016-07-31
비스트 (Beast),Ordinary,2015,7,87037,2015-07,2015-07-31
비스트 (Beast),Time,2015,1,2460,2015-01,2015-01-31
비아이지 (B.I.G),아프로디테,2016,5,795,2016-05,2016-05-31
비오브유 (B.O.Y),Phase One: YOU,2020,1,12590,2020-01,2020-01-31
비오브유 (B.O.Y),Phase Two : WE,2020,9,8703,2020-09,2020-09-30
비와이(BewhY),The Movie Star,2019,8,1000,2019-08,2019-08-31
비와이(BewhY),The blind star,2017,9,1454,2017-09,2017-09-30
비원에이포 (B1A4),CONNECT,2024,1,25674,2024-01,2024-01-31
비원에이포 (B1A4),GOOD TIMING,2016,11,77472,2016-11,2016-11-30
비원에이포 (B1A4),Origine,2020,10,46186,2020-10,2020-10-31
비원에이포 (B1A4),Rollin`,2017,9,82291,2017-09,2017-09-30
비원에이포 (B1A4),Sweet Girl,2015,8,66472,2015-08,2015-08-31
비투비 (BTOB),4U : OUTSIDE,2021,8,83105,2021-08,2021-08-31
비투비 (BTOB),BTODAY,2025,3,60364,2025-03,2025-03-31
비투비 (BTOB),Be Together,2022,2,123780,2022-02,2022-02-28
비투비 (BTOB),Born To Beat,2019,2,4750,2019-02,2019-02-28
비투비 (BTOB),Brother Act.,2017,10,104085,2017-10,2017-10-31
비투비 (BTOB),Complete,2015,7,51068,2015-07,2015-07-31
비투비 (BTOB),Feel`eM,2017,3,72889,2017-03,2017-03-31
비투비 (BTOB),HOUR MOMENT,2018,11,101747,2018-11,2018-11-30
비투비 (BTOB),I Mean,2015,10,49637,2015-10,2015-10-31
비투비 (BTOB),Move,2019,2,3000,2019-02,2019-02-28
비투비 (BTOB),NEW MAN,2016,11,55732,2016-11,2016-11-30
비투비 (BTOB),Piece of BTOB,2019,4,10573,2019-04,2019-04-30
비투비 (BTOB),Press Play,2019,2,4370,2019-02,2019-02-28
비투비 (BTOB),Remember that,2016,3,52290,2016-03,2016-03-31
비투비 (BTOB),THIS IS US,2018,6,117411,2018-06,2018-06-30
비투비 (BTOB),The Winter's Tale,2015,1,11813,2015-01,2015-01-31
비투비 (BTOB),WIND AND WISH,2023,5,131793,2023-05,2023-05-31
비투비 (BTOB),뛰뛰빵빵,2019,2,3000,2019-02,2019-02-28
비투비 (BTOB),스릴러,2019,2,3000,2019-02,2019-02-28
비투비 포유,INSIDE,2020,11,69083,2020-11,2020-11-30
비트윈 (BEAT WIN),Come To Me,2016,7,701,2016-07,2016-07-31
비트윈(BEAT WIN),INSATIABLE,2015,8,939,2015-08,2015-08-31
빅뱅,2016 Bigbang World Tour Final In Seoul Live,2016,6,14387,2016-06,2016-06-30
빅스 (VIXX),Boys' Record,2015,2,99524,2015-02,2015-02-28
빅스 (VIXX),CONTINUUM,2023,11,84442,2023-11,2023-11-30
빅스 (VIXX),Chained Up,2015,11,119395,2015-11,2015-11-30
빅스 (VIXX),EAU DE VIXX,2018,4,96753,2018-04,2018-04-30
빅스 (VIXX),Error,2015,1,1426,2015-01,2015-01-31
빅스 (VIXX),Eternity,2015,2,1025,2015-02,2015-02-28
빅스 (VIXX),Hades,2016,8,103450,2016-08,2016-08-31
빅스 (VIXX),Jekyll,2015,1,873,2015-01,2015-01-31
빅스 (VIXX),Kratos,2016,10,98155,2016-10,2016-10-31
빅스 (VIXX),Rock Ur Body,2015,2,414,2015-02,2015-02-28
빅스 (VIXX),VIXX 2016 CONCEPTION KER Special Package,2016,11,18082,2016-11,2016-11-30
빅스 (VIXX),Voodoo,2015,1,2948,2015-01,2015-01-31
빅스 (VIXX),Zelos,2016,4,110249,2016-04,2016-04-30
빅스 (VIXX),hyde,2015,2,355,2015-02,2015-02-28
빅스 (VIXX),桃源境,2017,5,88900,2017-05,2017-05-31
빅스 (VIXX),다칠 준비가 돼 있어,2015,1,1370,2015-01,2015-01-31
빅스LR,2nd Mini Album Whisper,2017,8,43754,2017-08,2017-08-31
빅스LR,Beautiful Liar,2015,8,69830,2015-08,2015-08-31
빅스타 (Big Star),Shine A Moonlight,2015,9,1457,2015-09,2015-09-30
빅플로 (BIGFLO),emphas!ze,2018,8,3666,2018-08,2018-08-31
빅플로 (Bigflo),Incant,2015,10,1066,2015-10,2015-10-31
빅플로 (Bigflo),Second Flow,2015,2,356,2015-02,2015-02-28
빈지노 (Beenzino),12,2016,5,6002,2016-05,2016-05-31
빈지노 (Beenzino),24:26,2017,7,5441,2017-07,2017-07-31
빈지노 (Beenzino),NOWITZKI,2023,7,48873,2023-07,2023-07-31
빈첸 (VINXEN),유사인간,2020,7,3543,2020-07,2020-07-31
빈첸 (VINXEN),제련해도,2018,5,8046,2018-05,2018-05-31
빌리어코스티 (Bily Acoustie),미세매력주의보,2015,6,286,2015-06,2015-06-30
빌리어코스티 (Bily Acoustie),보통의 겨울,2015,12,493,2015-12,2015-12-31
삐삐밴드,pppb,2015,6,286,2015-06,2015-06-30
사무엘,EYE CANDY,2017,11,25153,2017-11,2017-11-30
사무엘,ONE,2018,3,11900,2018-03,2018-03-31
사무엘,SIXTEEN,2017,8,34386,2017-08,2017-08-31
사무엘,TEENAGER,2018,5,5000,2018-05,2018-05-31
사우스클럽(South Club),Contact Information,2018,11,2105,2018-11,2018-11-30
사우스클럽(South Club),두 번,2019,11,1889,2019-11,2019-11-30
사이먼 도미닉 (Simon Dominic),DARKROOM,2018,7,2705,2018-07,2018-07-31
산들,날씨 좋은 날,2019,6,13931,2019-06,2019-06-30
산들,생각집,2020,8,11431,2020-08,2020-08-31
산들 (B1A4),그렇게 있어 줘,2016,10,25430,2016-10,2016-10-31
산이 (San E),`Season of Suffering`,2017,1,845,2017-01,2017-01-31
산이 (San E),양치기 소년,2015,4,1816,2015-04,2015-04-30
새소년,비적응,2020,3,2231,2020-03,2020-03-31
샘김,I AM SAM,2016,4,1890,2016-04,2016-04-30
샘김,Sun And Moon,2018,11,2192,2018-11,2018-11-30
샤넌,Eightenn,2015,3,794,2015-03,2015-03-31
샤이니 (SHINee),1 and 1 - The 5th Album Repackage,2016,11,74185,2016-11,2016-11-30
샤이니 (SHINee),1 of 1 - The 5th Album,2016,10,174982,2016-10,2016-10-31
샤이니 (SHINee),Atlantis - The 7th Album Repackage,2021,4,145435,2021-04,2021-04-30
샤이니 (SHINee),Don`t Call Me - The 7th Album,2021,2,300977,2021-02,2021-02-28
샤이니 (SHINee),HARD - The 8th Album,2023,6,387599,2023-06,2023-06-30
샤이니 (SHINee),Married To The Music - The 4th Album Repackage,2015,8,95114,2015-08,2015-08-31
샤이니 (SHINee),Odd - The 4th Album,2015,5,182461,2015-05,2015-05-31
샤이니 (SHINee),SHINee The 3rd Concert Album SHINee WORLD Ⅲ in SEOUL,2015,1,1304,2015-01,2015-01-31
샤이니 (SHINee),SHINee WORLD IV – The 4th Concert Album,2016,4,12000,2016-04,2016-04-30
샤이니 (SHINee),The 5th Mini Album `Everybody`,2015,1,2467,2015-01,2015-01-31
샤이니 (SHINee),The Misconceptions Of Us,2015,5,3143,2015-05,2015-05-31
샤이니 (SHINee),`Sherlock` SHINee The 4th Mini Album,2017,12,800,2017-12,2017-12-31
샤이니 (SHINee),`The Story of Light` EP.1 - The 6th Album,2018,5,116872,2018-05,2018-05-31
샤이니 (SHINee),`The Story of Light` EP.2 - The 6th Album,2018,6,98492,2018-06,2018-06-30
샤이니 (SHINee),`The Story of Light` EP.3 - The 6th Album,2018,6,100254,2018-06,2018-06-30
샤이니 (SHINee),`The Story of Light` Epilogue - The 6th Album,2018,9,53811,2018-09,2018-09-30
샤이니 (SHINee),누난 너무 예뻐,2017,12,861,2017-12,2017-12-31
서은광,FoRest : Entrance,2020,6,30237,2020-06,2020-06-30
서인국,2024 SINGLE ALBUM [SEO IN GUK],2024,6,19724,2024-06,2024-06-30
서인국,LOVE&LOVE,2022,6,10000,2022-06,2022-06-30
서인영,Re birth,2015,6,615,2015-06,2015-06-30
서지원,Fantasy,2018,5,1027,2018-05,2018-05-31
서현 (SEOHYUN),Don`t Say No - The 1st Mini Album,2017,1,33872,2017-01,2017-01-31
서혜경,"모차르트 피아노 협주곡 19, 20, 21, 23번",2016,5,2186,2016-05,2016-05-31
선미,6분의1,2021,8,24420,2021-08,2021-08-31
선미,SUNMI SPECIAL EDITION [가시나],2017,8,2954,2017-08,2017-08-31
선미,WARNING,2018,9,10455,2018-09,2018-09-30
설아 (우주소녀),INSIDE OUT,2024,1,39342,2024-01,2024-01-31
성민 (SUNGMIN),오르골 - The 1st Mini Album,2019,11,6182,2019-11,2019-11-30
성시경,ㅅ,2021,5,26279,2021-05,2021-05-31
"성시연, 경기 필하모닉 오케스트라",말러 : 교향곡 5번,2016,12,2665,2016-12,2016-12-31
성진 (DAY6),30,2024,11,64106,2024-11,2024-11-30
세러데이 (SATURDAY),The 3rd Single Album 'IKYK',2019,9,1797,2019-09,2019-09-30
세러데이 (SATURDAY),The 4th Single Album [D.B.D.B.DIB],2020,8,2899,2020-08,2020-08-31
세븐,I AM SE7EN,2016,10,4285,2016-10,2016-10-31
세븐어스(SEVENUS),SPRING CANVAS,2024,3,31182,2024-03,2024-03-31
세븐어스(SEVENUS),STAY TUNED,2024,12,11293,2024-12,2024-12-31
세븐어스(SEVENUS),Summus,2023,8,37194,2023-08,2023-08-31
세븐어클락,#7,2018,10,1751,2018-10,2018-10-31
세븐어클락,백야 : White Night,2019,11,1334,2019-11,2019-11-30
세븐어클락 (7O'CLOCK),Butterfly Effect,2017,3,615,2017-03,2017-03-31
세븐틴,10th Mini Album `FML`,2023,4,6355788,2023-04,2023-04-30
세븐틴,11th Mini Album `SEVENTEENTH HEAVEN`,2023,10,5908611,2023-10,2023-10-31
세븐틴,12th Mini Album `SPILL THE FEELS`,2024,10,3861971,2024-10,2024-10-31
세븐틴,1st Album First `LOVE&LETTER`,2016,4,322507,2016-04,2016-04-30
세븐틴,1st Mini Album `17 CARAT`,2015,6,197161,2015-06,2015-06-30
세븐틴,"2ND ALBUM `TEEN, AGE`",2017,11,736326,2017-11,2017-11-30
세븐틴,2nd Mini Album `BOYS BE`,2015,9,336491,2015-09,2015-09-30
세븐틴,3RD ALBUM `An Ode`,2019,9,1674852,2019-09,2019-09-30
세븐틴,3rd Mini Album `Going Seventeen`,2016,12,455782,2016-12,2016-12-31
세븐틴,4th Album Repackage `SECTOR 17`,2022,7,2138222,2022-07,2022-07-31
세븐틴,4th Album `Face the Sun`,2022,5,4608391,2022-05,2022-05-31
세븐틴,4th Mini Album `Al1`,2017,5,577523,2017-05,2017-05-31
세븐틴,5TH MINI ALBUM `YOU MAKE MY DAY`,2018,7,591216,2018-07,2018-07-31
세븐틴,6TH MINI ALBUM `YOU MADE MY DAWN`,2019,1,672590,2019-01,2019-01-31
세븐틴,7th Mini Album `헹가래`,2020,6,1979853,2020-06,2020-06-30
세븐틴,8th Mini Album `Your Choice`,2021,6,1711743,2021-06,2021-06-30
세븐틴,9th Mini Album `Attacca`,2021,10,3052975,2021-10,2021-10-31
세븐틴,BEST ALBUM `17 IS RIGHT HERE`,2024,4,3643945,2024-04,2024-04-30
세븐틴,Love&Letter Repackage Album,2016,7,262686,2016-07,2016-07-31
세븐틴,SPECIAL ALBUM `DIRECTOR`S CUT`,2018,2,375485,2018-02,2018-02-28
세븐틴,Special Album `; [Semicolon]`,2020,10,1241568,2020-10,2020-10-31
세정,화분,2020,3,10174,2020-03,2020-03-31
세훈&찬열(EXO-SC),10억뷰 - The 1st Album,2020,7,539253,2020-07,2020-07-31
세훈&찬열(EXO-SC),What a life - The 1st Mini Album,2019,7,417877,2019-07,2019-07-31
셔누X형원 (몬스타엑스),THE UNSEEN,2023,7,176957,2023-07,2023-07-31
소나무 (Sonamoo),Deja Vu,2015,1,1889,2015-01,2015-01-31
소나무 (Sonamoo),나 너 좋아해?,2017,1,4018,2017-01,2017-01-31
소나무 (Sonamoo),넘나 좋은 것,2016,6,4387,2016-06,2016-06-30
소나무(SONAMOO),CUSHION,2015,7,4196,2015-07,2015-07-31
소녀시대,FOREVER 1 - The 7th Album,2022,8,288630,2022-08,2022-08-31
소녀시대,Holiday Night - The 6th Album,2017,8,167377,2017-08,2017-08-31
소녀시대,I Got A Boy,2015,1,4716,2015-01,2015-01-31
소녀시대,Lion Heart - The 5th Album,2015,8,154019,2015-08,2015-08-31
소녀시대,PARTY,2015,7,75849,2015-07,2015-07-31
소녀시대,The 4th Mini Album `Mr.Mr.`,2015,1,907,2015-01,2015-01-31
소녀시대,`The Boys` The 3rd Album,2015,1,3286,2015-01,2015-01-31
소녀시대,다시 만난 세계,2015,4,1289,2015-04,2015-04-30
소녀시대-Oh!GG,몰랐니 - The 1st Single Album,2018,9,43191,2018-09,2018-09-30
소녀시대-태티서 (Girls` Generation-TTS),Dear Santa - X-Mas Special,2015,12,61163,2015-12,2015-12-31
소녀시대-태티서 (Girls` Generation-TTS),Holler,2015,1,6341,2015-01,2015-01-31
소년공화국 (Boys Republic),BR:evolution,2016,3,1672,2016-03,2016-03-31
소년공화국 (Boys Republic),Hello,2015,6,1544,2015-06,2015-06-30
소란(SORAN),CAKE,2016,10,937,2016-10,2016-10-31
소유 (SOYOU),RE:BORN,2017,12,2352,2017-12,2017-12-31
소유 (SOYOU),RE:FRESH,2018,10,1870,2018-10,2018-10-31
손동운,Act 1 : The Orchestra,2019,4,6504,2019-04,2019-04-30
손동운,Happy Birthday,2022,6,19090,2022-06,2022-06-30
손열음,모던 타임즈,2016,2,2758,2016-02,2016-02-29
손은영,"슈만 : 피아노 협주곡, 다비드동맹 무곡 & 어린이 정",2018,3,1526,2018-03,2018-03-31
손태진,SHINE,2024,10,106859,2024-10,2024-10-31
손호영,"May, I",2016,5,5035,2016-05,2016-05-31
손호영,리패키지 앨범 너 같은 사람 없어,2016,11,857,2016-11,2016-11-30
솔라,COLOURS,2024,4,49575,2024-04,2024-04-30
솔라,SPIT IT OUT,2020,4,84568,2020-04,2020-04-30
솔라,容 : FACE,2022,3,49869,2022-03,2022-03-31
솔라,솔라감성 Part.7,2024,1,13000,2024-01,2024-01-31
솔리드,into the Light,2018,3,1278,2018-03,2018-03-31
송가인,佳人,2019,11,26419,2019-11,2019-11-30
송가인,가인;달,2025,2,19810,2025-02,2025-02-28
송가인,몽,2020,12,13492,2020-12,2020-12-31
송가인,연가,2022,5,11643,2022-05,2022-05-31
송소희,NEW SONG,2015,4,1826,2015-04,2015-04-30
송지은,Bobby Doll,2016,9,7235,2016-09,2016-09-30
수란 (SURAN),Walkin`,2017,6,963,2017-06,2017-06-30
수지,Faces of Love,2018,1,10269,2018-01,2018-01-31
수지,Yes? No?,2017,1,11020,2017-01,2017-01-31
"수지(Suzy), 백현(BAEKHYUN)",Dream,2016,1,36233,2016-01,2016-01-31
수진,RIZZ,2024,5,80300,2024-05,2024-05-31
수진,아가씨,2023,11,107726,2023-11,2023-11-30
수호 (SUHO),Grey Suit - The 2nd Mini Album,2022,4,211487,2022-04,2022-04-30
수호 (SUHO),자화상 - The 1st Mini Album,2020,3,289738,2020-03,2020-03-31
수호 (SUHO),점선면,2024,6,23383,2024-06,2024-06-30
수호 (SUHO),점선면 - The 3rd Mini Album,2024,6,125717,2024-06,2024-06-30
순정소년,흰눈이 내리면,2015,1,902,2015-01,2015-01-31
슈퍼주니어 (Super Junior),DEVIL - SUPER JUNIOR SPECIAL ALBUM,2015,7,167725,2015-07,2015-07-31
슈퍼주니어 (Super Junior),MAGIC - SUPER JUNIOR SPECIAL ALBUM PART.2,2015,9,94287,2015-09,2015-09-30
슈퍼주니어 (Super Junior),One More Time - Special Mini Album,2018,10,145447,2018-10,2018-10-31
슈퍼주니어 (Super Junior),PLAY - The 8th Album,2017,11,241774,2017-11,2017-11-30
슈퍼주니어 (Super Junior),REPLAY - The 8th Repackage Album,2018,4,135513,2018-04,2018-04-30
슈퍼주니어 (Super Junior),Super Junior World Tour SUPER SHOW 5 & 6,2015,11,8564,2015-11,2015-11-30
슈퍼주니어 (Super Junior),TIMELESS - The 9th Album Repackage,2020,1,118627,2020-01,2020-01-31
슈퍼주니어 (Super Junior),The 7th Album Special Edition `THIS IS LOVE`,2015,3,627,2015-03,2015-03-31
슈퍼주니어 (Super Junior),The 8th Album `PLAY PAUSE Ver.`,2017,11,58734,2017-11,2017-11-30
슈퍼주니어 (Super Junior),The Renaissance - The 10th Album,2021,3,480163,2021-03,2021-03-31
슈퍼주니어 (Super Junior),The Road - The 11th Album,2023,1,95884,2023-01,2023-01-31
슈퍼주니어 (Super Junior),The Road : Celebration - The 11th Album Vol.2,2022,12,188304,2022-12,2022-12-31
슈퍼주니어 (Super Junior),The Road : Keep on Going - The 11th Album Vol.1,2022,7,176846,2022-07,2022-07-31
슈퍼주니어 (Super Junior),The Road : Winter for Spring,2022,2,196663,2022-02,2022-02-28
슈퍼주니어 (Super Junior),Time_Slip - The 9th Album,2019,10,434121,2019-10,2019-10-31
슈퍼주니어-K.R.Y. (Super Junior-K.R.Y.),푸르게 빛나던 우리의 계절 - The 1st Mini Album,2020,6,155678,2020-06,2020-06-30
슈퍼카인드,Profiles of the Future,2023,10,6776,2023-10,2023-10-31
스누퍼,COMPASS,2016,7,4967,2016-07,2016-07-31
스누퍼,Dear - SNUPER 2nd ANNIVERSARY SINGLE ALBUM,2017,11,1790,2017-11,2017-11-30
스누퍼,I Wanna?,2017,4,23616,2017-04,2017-04-30
스누퍼,Platonic Love,2016,3,2758,2016-03,2016-03-31
스누퍼,Rain of Mind,2016,11,12944,2016-11,2016-11-30
스누퍼,유성 - SNUPER 4th Mini Album Repackage,2017,7,22620,2017-07,2017-07-31
스누퍼 (SNUPER),BLOSSOM,2018,4,18694,2018-04,2018-04-30
스누퍼 (SNUPER),내 눈에는 니가 - SNUPER Special Edition,2018,10,17063,2018-10,2018-10-31
스누퍼 (Snuper),Shall We,2015,11,823,2015-11,2015-11-30
스윗소로우(Sweet Sorrow),For Losers Only,2015,10,1921,2015-10,2015-10-31
스탠딩 에그(Standing Egg),young,2015,5,412,2015-05,2015-05-31
스테파니,Top Secret,2015,10,736,2015-10,2015-10-31
스텔라(Stellar),CRY,2016,7,1778,2016-07,2016-07-31
스텔라(Stellar),STELLAR INTO THE WOR,2017,7,1794,2017-07,2017-07-31
스텔라(Stellar),찔려,2016,1,2722,2016-01,2016-01-31
스텔라장 (Stella Jang),STELLA I,2020,4,1462,2020-04,2020-04-30
스펙트럼,Timeless moment,2018,11,1023,2018-11,2018-11-30
스피드 (Speed),Speed On,2015,6,2145,2015-06,2015-06-30
슬기 (SEULGI),28 Reasons - The 1st Mini Album,2022,10,241304,2022-10,2022-10-31
슬기 (SEULGI),Accidentally On Purpose - The 2nd Mini Album,2025,3,137707,2025-03,2025-03-31
승리,THE GREAT SEUNGRI,2018,7,47375,2018-07,2018-07-31
시그니처 (cignature),1st EP ALBUM `Listen and Speak`,2020,9,6761,2020-09,2020-09-30
시그니처 (cignature),2nd EP Album `Dear Diary Moment`,2021,11,4199,2021-11,2021-11-30
시그니처 (cignature),3rd EP Album `My Little Aurora`,2023,1,8872,2023-01,2023-01-31
시그니처 (cignature),5th EP Album `Sweetie but Saltie`,2024,6,10888,2024-06,2024-06-30
시우민 (XIUMIN),Brand New - The 1st Mini Album,2022,9,176240,2022-09,2022-09-30
시우민 (XIUMIN),Interview X - The 2nd Mini Album,2025,3,114417,2025-03,2025-03-31
신상일,생상스 : 피아노 협주곡 2번 & 라벨 : 피아노 협주곡,2017,2,1029,2017-02,2017-02-28
신승훈,I am...&I am,2015,11,13381,2015-11,2015-11-30
신승훈,My Personas,2020,4,5714,2020-04,2020-04-30
신영옥,Mystique,2015,2,525,2015-02,2015-02-28
신용재,EMPATHY,2016,10,551,2016-10,2016-10-31
신해철,신해철 데뷔 30주년 기념앨범 ‘Ghost Touch',2019,5,2596,2019-05,2019-05-31
신해철,정글스토리 OST,2016,7,700,2016-07,2016-07-31
신혜성,2016 Shin Hye Sung Concert 'Weekly Delight',2016,8,2500,2016-08,2016-08-31
신혜성,Serenity,2017,9,29580,2017-09,2017-09-30
신혜성,Setlist,2019,10,14168,2019-10,2019-10-31
신혜성,delight,2016,1,10676,2016-01,2016-01-31
신화,2016 SHINHWA 18th Anniversay Concert HERO Live,2016,12,4771,2016-12,2016-12-31
신화,SHINHWA 13TH UNCHANGING - TOUCH,2017,1,65207,2017-01,2017-01-31
신화,SHINHWA TWENTY SPECIAL ALBUM `HEART`,2018,8,55964,2018-08,2018-08-31
신화,UNCHANGING PART1,2016,11,26036,2016-11,2016-11-30
신화,WE,2015,3,56929,2015-03,2015-03-31
신화 WDJ,Come To Life,2022,12,7071,2022-12,2022-12-31
실리카겔,POWER ANDRE 99,2024,2,15225,2024-02,2024-02-29
심규선 (Lucia),월령 月齡,2021,1,3431,2021-01,2021-01-31
심규선 (Lucia),환상소곡집 op.2 [ARIA],2019,10,1947,2019-10,2019-10-31
심규선(Lucia),몸과 마음,2018,5,2213,2018-05,2018-05-31
심규선(Lucia),환상소곡집 op.1,2017,6,2814,2017-06,2017-06-30
싸이 (Psy),6집 싸이6甲 Part 1,2015,7,740,2015-07,2015-07-31
싸이 (Psy),PSY 8th 4X2=8,2017,5,5735,2017-05,2017-05-31
싸이 (Psy),칠집싸이다,2015,12,6816,2015-12,2015-12-31
싸이퍼(Ciipher),BLIND,2021,9,24264,2021-09,2021-09-30
싸이퍼(Ciipher),THE CODE,2022,5,11781,2022-05,2022-05-31
싸이퍼(Ciipher),안꿀려,2021,3,16745,2021-03,2021-03-31
"싹쓰리 (유두래곤, 린다G, 비룡)","다시 여기 바닷가, 스페셜반",2020,8,63849,2020-08,2020-08-31
"싹쓰리 (유두래곤, 린다G, 비룡)","다시 여기 바닷가, 일반반",2020,8,20038,2020-08,2020-08-31
써니힐 (SunnyHill),1st Album Part. B 'Sunny Blues',2015,1,1029,2015-01,2015-01-31
씨스타 (Sistar),SHAKE IT,2015,6,18934,2015-06,2015-06-30
씨스타 (Sistar),沒我愛,2016,6,10248,2016-06,2016-06-30
씨엔블루 (CNBLUE),2gether,2015,9,82789,2015-09,2015-09-30
씨엔블루 (CNBLUE),BLUEMING,2016,4,64279,2016-04,2016-04-30
씨엔블루 (CNBLUE),CNBLUE 7TH MINI ALBUM 7℃N,2017,3,53316,2017-03,2017-03-31
씨엔블루 (CNBLUE),CNBLUE COME TOGETHER TOUR DVD,2016,8,2281,2016-08,2016-08-31
씨엔블루 (CNBLUE),CNBLUE [BETWEEN US] TOUR,2018,3,1795,2018-03,2018-03-31
씨엔블루 (CNBLUE),Can't Stop,2015,5,382,2015-05,2015-05-31
씨엔블루 (CNBLUE),RE-CODE,2020,11,42877,2020-11,2020-11-30
씨엔블루 (CNBLUE),X,2024,10,44034,2024-10,2024-10-31
씨엔블루(CNBLUE),WANTED,2021,10,27996,2021-10,2021-10-31
씨잼(Cjamm),Good Boy Doing Bad Things,2015,8,416,2015-08,2015-08-31
씨잼(Cjamm),킁,2020,6,5011,2020-06,2020-06-30
아라시 (Arashi),5×20 All the BEST!! 1999-2019,2019,7,4242,2019-07,2019-07-31
아스트로(ASTRO),2018 Special Single Album,2018,3,5870,2018-03,2018-03-31
아스트로(ASTRO),7th Mini Album [GATEWAY],2020,5,121289,2020-05,2020-05-31
아스트로(ASTRO),All Light,2019,1,129170,2019-01,2019-01-31
아스트로(ASTRO),All Yours,2021,4,359031,2021-04,2021-04-30
아스트로(ASTRO),Autumn story,2016,11,75393,2016-11,2016-11-30
아스트로(ASTRO),BLUE FLAME,2019,11,119072,2019-11,2019-11-30
아스트로(ASTRO),Dream Part.01,2017,5,104531,2017-05,2017-05-31
아스트로(ASTRO),Dream Part.02,2017,11,75782,2017-11,2017-11-30
아스트로(ASTRO),Drive to the Starry Road,2022,5,252989,2022-05,2022-05-31
아스트로(ASTRO),ONE&ONLY,2020,3,30000,2020-03,2020-03-31
아스트로(ASTRO),Rise Up,2018,7,43148,2018-07,2018-07-31
아스트로(ASTRO),SWITCH ON,2021,8,309750,2021-08,2021-08-31
아스트로(ASTRO),Spring Up,2016,2,25695,2016-02,2016-02-29
아스트로(ASTRO),Summer Vibes,2016,6,30694,2016-06,2016-06-30
아스트로(ASTRO),Winter Dream,2017,2,23201,2017-02,2017-02-28
아이 (I),I Dream,2017,1,1822,2017-01,2017-01-31
아이린 (IRENE),Like A Flower - The 1st Mini Album,2024,11,363461,2024-11,2024-11-30
아이언,ROCK BOTTOM,2016,9,752,2016-09,2016-09-30
아이오아이 (I.O.I),1st Mini Album `Chrysalis`,2016,5,87016,2016-05,2016-05-31
아이오아이 (I.O.I),Whatta Man,2016,8,78535,2016-08,2016-08-31
아이오아이 (I.O.I),miss me?,2016,10,106439,2016-10,2016-10-31
아이오아이 (I.O.I),손에 손잡고,2016,9,4039,2016-09,2016-09-30
아이유 (IU),2집 Last Fantasy,2015,6,1478,2015-06,2015-06-30
아이유 (IU),3집 Modern Times,2015,1,2953,2015-01,2015-01-31
아이유 (IU),5th Album `LILAC`,2021,3,401707,2021-03,2021-03-31
아이유 (IU),CHAT-SHIRE,2015,10,58598,2015-10,2015-10-31
아이유 (IU),Love poem,2019,11,236610,2019-11,2019-11-30
아이유 (IU),Palette,2017,4,100083,2017-04,2017-04-30
아이유 (IU),The Winning,2024,2,378201,2024-02,2024-02-29
아이유 (IU),꽃갈피,2015,1,10112,2015-01,2015-01-31
아이유 (IU),꽃갈피 둘,2017,10,50112,2017-10,2017-10-31
아이즈(IZ),ANGEL,2018,5,2945,2018-05,2018-05-31
아이즈(IZ),FREOM:IZ,2019,8,1235,2019-08,2019-08-31
아이즈(IZ),RE:IZ,2019,5,7192,2019-05,2019-05-31
아이즈(IZ),THE:IZ,2020,2,4186,2020-02,2020-02-29
아이콘(iKON),FLASHBACK,2022,5,96250,2022-05,2022-05-31
아이콘(iKON),TAKE OFF,2023,5,123054,2023-05,2023-05-31
아일리원(ILY:1),A Dream Of ILY:1,2023,1,6804,2023-01,2023-01-31
아일리원(ILY:1),Love in Bloom,2022,4,11133,2022-04,2022-04-30
아일리원(ILY:1),illang:Firework,2024,8,7653,2024-08,2024-08-31
아일릿(ILLIT),I`LL LIKE YOU,2024,10,587731,2024-10,2024-10-31
아일릿(ILLIT),SUPER REAL ME,2024,3,681495,2024-03,2024-03-31
안녕하신가영,그리움에 가까운,2017,3,480,2017-03,2017-03-31
안예은,안예은 1집,2016,11,1148,2016-11,2016-11-30
안치환,50,2015,6,864,2015-06,2015-06-30
알리 (ALi),White Hole,2015,10,733,2015-10,2015-10-31
앤디,A`NDY to Z - 선호:하다,2018,12,8615,2018-12,2018-12-31
앤씨아 (NC.A),Time to be a woman,2016,10,643,2016-10,2016-10-31
앤화이트 (N*White),Paradise,2015,7,301,2015-07,2015-07-31
앨리스 (ALICE),Color Crush,2017,9,6463,2017-09,2017-09-30
앨리스 (ALICE),JACKPOT,2020,2,2766,2020-02,2020-02-29
앨리스 (ALICE),SUMMER DREAM,2018,6,5927,2018-06,2018-06-30
앰퍼샌드원 (AMPERS&ONE),AMPERSAND ONE,2023,11,58800,2023-11,2023-11-30
앰퍼샌드원 (AMPERS&ONE),ONE HEARTED,2024,3,59833,2024-03,2024-03-31
앰퍼샌드원 (AMPERS&ONE),ONE QUESTION,2024,10,69598,2024-10,2024-10-31
얀키(Yankie),Andre,2015,5,524,2015-05,2015-05-31
양방언,20주년 베스트앨범 The Best,2016,10,503,2016-10,2016-10-31
양방언,Embrace,2015,12,1744,2015-12,2015-12-31
양수경,양수경 Best of Best,2016,11,1441,2016-11,2016-11-30
양수경,양수경 미니앨범,2016,7,723,2016-07,2016-07-31
양요섭,Chocolate Box,2021,9,76494,2021-09,2021-09-30
양요섭,YANG YOSEOP 2ND MINI ALBUM `白`,2018,2,59858,2018-02,2018-02-28
양준일,겨울나그네,2020,10,1991,2020-10,2020-10-31
양준일,나의 호기심을 잡은 그대 뒷모습,2020,10,2143,2020-10,2020-10-31
양지은,소풍,2024,11,9030,2024-11,2024-11-30
양혜숙,비발디 : 사계 / 플루트 협주곡 1번 RV433 & 3번 RV428,2017,7,733,2017-07,2017-07-31
양홍원,오보에,2021,6,4301,2021-06,2021-06-30
어반 자카파 (Urban Zakapa),UZ,2015,6,1264,2015-06,2015-06-30
어반 자카파 (Urban Zakapa),스틸,2016,5,1794,2016-05,2016-05-31
어센트(ASC2NT),Conversion Part.1,2024,10,31616,2024-10,2024-10-31
어쿠루브,First Step,2016,1,548,2016-01,2016-01-31
어쿠스틱 콜라보,I Do,2015,6,287,2015-06,2015-06-30
언노운 드레스,그녀의 정원,2016,8,1051,2016-08,2016-08-31
엄정화,The Cloud Dream of The Nine,2016,12,746,2016-12,2016-12-31
업텐션,一級秘密,2015,9,16478,2015-09,2015-09-30
업텐션 (UP10TION),BRAVO!,2015,11,31611,2015-11,2015-11-30
업텐션 (UP10TION),BURST,2016,11,83737,2016-11,2016-11-30
업텐션 (UP10TION),CONNECTION,2021,6,49700,2021-06,2021-06-30
업텐션 (UP10TION),Code Name: Arrow,2022,10,38862,2022-10,2022-10-31
업텐션 (UP10TION),INVITATION,2018,3,75594,2018-03,2018-03-31
업텐션 (UP10TION),Laberinto,2018,12,43126,2018-12,2018-12-31
업텐션 (UP10TION),Light UP,2020,9,57507,2020-09,2020-09-30
업텐션 (UP10TION),Novella,2022,1,40098,2022-01,2022-01-31
업텐션 (UP10TION),SPECIAL PHOTO EDITION,2017,10,22392,2017-10,2017-10-31
업텐션 (UP10TION),SPOTLIGHT,2016,4,65107,2016-04,2016-04-30
업텐션 (UP10TION),STAR;DOM,2017,7,95963,2017-07,2017-07-31
업텐션 (UP10TION),Summer go!,2016,8,75628,2016-08,2016-08-31
업텐션 (UP10TION),The Moment of Illusion,2019,8,34842,2019-08,2019-08-31
업텐션 (UP10TION),UP10TION 2018 SPECIAL PHOTO EDITION,2018,8,23320,2018-08,2018-08-31
에델 라인클랑 (Edel Reinklang),약속,2018,10,1141,2018-10,2018-10-31
에디킴,Sing Sing Sing,2015,1,1224,2015-01,2015-01-31
에릭남 (Eric Nam),Before We Begin,2019,11,3579,2019-11,2019-11-30
에릭남 (Eric Nam),Honestly,2018,4,2865,2018-04,2018-04-30
에릭남 (Eric Nam),INTERVIEW,2016,3,2150,2016-03,2016-03-31
에릭남 (Eric Nam),The Other Side,2020,7,6770,2020-07,2020-07-31
에릭남 (Eric Nam),There And Back Again,2022,4,5122,2022-04,2022-04-30
에이디이 (A.DE),Strawberry,2016,6,514,2016-06,2016-06-30
에이코어 (A.kor),Always,2015,2,492,2015-02,2015-02-28
에이프릴(APRIL),1st Mini Album `Dreaming`,2015,8,2542,2015-08,2015-08-31
에이프릴(APRIL),2nd Mini Album `Spring`,2016,4,4640,2016-04,2016-04-30
에이프릴(APRIL),2nd Single Album `MAYDAY`,2017,5,7250,2017-05,2017-05-31
에이프릴(APRIL),3rd Mini Album `Prelude`,2017,1,7930,2017-01,2017-01-31
에이프릴(APRIL),4th Mini Album `eternity`,2017,9,7398,2017-09,2017-09-30
에이프릴(APRIL),5th Mini Album `The Blue`,2018,3,7162,2018-03,2018-03-31
에이프릴(APRIL),6th Mini Album `the Ruby`,2018,10,7070,2018-10,2018-10-31
에이프릴(APRIL),7th Mini Album `Da Capo`,2020,4,11695,2020-04,2020-04-30
에이프릴(APRIL),Boing Boing,2015,11,3803,2015-11,2015-11-30
에이프릴(APRIL),Summer Special Album `Hello Summer`,2020,7,14408,2020-07,2020-07-31
에이프릴(APRIL),Winter Special Album `Snowman`,2015,12,3483,2015-12,2015-12-31
에이핑크 (Apink),1집 Une Annee,2015,1,2683,2015-01,2015-01-31
에이핑크 (Apink),Dear,2016,12,31557,2016-12,2016-12-31
에이핑크 (Apink),HORN,2022,2,64957,2022-02,2022-02-28
에이핑크 (Apink),Horn,2022,2,4713,2022-02,2022-02-28
에이핑크 (Apink),LOOK,2020,4,47355,2020-04,2020-04-30
에이핑크 (Apink),ONE & SIX,2018,7,63382,2018-07,2018-07-31
에이핑크 (Apink),PERCENT,2019,1,39571,2019-01,2019-01-31
에이핑크 (Apink),Pink Blossom,2015,1,9394,2015-01,2015-01-31
에이핑크 (Apink),Pink LUV,2015,1,19187,2015-01,2015-01-31
에이핑크 (Apink),Pink MEMORY,2015,7,90080,2015-07,2015-07-31
에이핑크 (Apink),Pink Revolution,2016,9,49644,2016-09,2016-09-30
에이핑크 (Apink),Pink UP,2017,6,54681,2017-06,2017-06-30
에이핑크 (Apink),SELF,2023,4,65637,2023-04,2023-04-30
에이핑크 (Apink),Secret Garden,2015,1,7570,2015-01,2015-01-31
에이핑크 (Apink),Seven Springs Of Apink,2015,2,2090,2015-02,2015-02-28
에이핑크 (Apink),Snow Pink,2015,1,2819,2015-01,2015-01-31
에이핑크 (Apink),기적 같은 이야기,2018,4,18210,2018-04,2018-04-30
에일리 (Ailee),A New Empire,2016,10,2478,2016-10,2016-10-31
에일리 (Ailee),VIVID,2015,9,5030,2015-09,2015-09-30
에일리 (Ailee),butterFLY,2019,7,2580,2019-07,2019-07-31
에피톤 프로젝트 (Epitone Project),마음속의 단어들,2018,10,2473,2018-10,2018-10-31
에픽하이 (EPIK HIGH),Epik High Is Here 上,2021,1,13135,2021-01,2021-01-31
에픽하이 (EPIK HIGH),Epik High Is Here 下,2022,2,8883,2022-02,2022-02-28
에픽하이 (EPIK HIGH),Screen Time,2023,11,3744,2023-11,2023-11-30
에픽하이 (EPIK HIGH),Sleepless In __________,2022,12,4955,2022-12,2022-12-31
에픽하이 (EPIK HIGH),WE`VE DONE SOMETHING WONDERFUL,2017,10,17670,2017-10,2017-10-31
에픽하이 (EPIK HIGH),sleepless in __________,2019,3,10751,2019-03,2019-03-31
에픽하이 (EPIK HIGH),신발장,2015,1,4698,2015-01,2015-01-31
에픽하이 (Epik High),WE`VE DONE SOMETHING WONDERFUL,2017,11,1568,2017-11,2017-11-30
엔소닉(N-SONIC),Another Progress,2015,3,513,2015-03,2015-03-31
엔싸인 (n.SSign),2nd MINI ALBUM Repackage `Tiger`,2024,7,43431,2024-07,2024-07-31
엔싸인 (n.SSign),2nd MINI ALBUM `Happy &`,2024,2,252620,2024-02,2024-02-29
엔싸인 (n.SSign),3rd Mini Album `Love Potion`,2025,1,205807,2025-01,2025-01-31
엔싸인 (n.SSign),DEBUT ALBUM : BIRTH OF COSMO,2023,8,219269,2023-08,2023-08-31
엔플라잉 (N.Flying),2nd Mini Album [THE REAL : N.Flying],2017,8,4580,2017-08,2017-08-31
엔플라잉 (N.Flying),3rd Mini Album [THE HOTTEST : N.Flying],2018,1,5745,2018-01,2018-01-31
엔플라잉 (N.Flying),4TH MINI ALBUM [HOW ARE YOU?],2018,5,7576,2018-05,2018-05-31
엔플라잉 (N.Flying),Dearest,2022,10,68177,2022-10,2022-10-31
엔플라잉 (N.Flying),Lonely,2015,10,3220,2015-10,2015-10-31
엔플라잉 (N.Flying),Man on the Moon,2021,6,58945,2021-06,2021-06-30
엔플라잉 (N.Flying),"So, 通",2020,6,73016,2020-06,2020-06-30
엔플라잉 (N.Flying),TURBULENCE,2021,10,29200,2021-10,2021-10-31
엔플라잉 (N.Flying),기가 막혀,2015,5,4599,2015-05,2015-05-31
엔플라잉 (N.Flying),봄이 부시게,2019,4,29520,2019-04,2019-04-30
엔플라잉 (N.Flying),야호,2019,10,50942,2019-10,2019-10-31
엘(L),24/7,2024,8,39368,2024-08,2024-08-31
엘(L),기억과 기억 사이,2021,2,18844,2021-02,2021-02-28
엘라스트 (E`LAST),1st 미니앨범 [Day Dream],2020,6,5877,2020-06,2020-06-30
엘라스트 (E`LAST),2nd 미니앨범 [Awake],2020,11,6756,2020-11,2020-11-30
엘라스트 (E`LAST),3rd 미니앨범 [ROAR],2022,4,60000,2022-04,2022-04-30
엘라스트 (E`LAST),Dark Dream,2021,10,19130,2021-10,2021-10-31
엘라스트 (E`LAST),EVERLASTING,2024,5,24099,2024-05,2024-05-31
엘로(ELO),8 Femmes,2016,8,826,2016-08,2016-08-31
엠버 (AMBER),The 1st Mini Album `Beautiful`,2015,2,15620,2015-02,2015-02-28
엠블랙(MBLAQ),MIRROR,2015,6,7894,2015-06,2015-06-30
엠씨더맥스 (M.C The Max),Circular,2019,1,5003,2019-01,2019-01-31
엠씨더맥스 (M.C The Max),Pathos Tour Live Album,2016,10,1361,2016-10,2016-10-31
엠씨더맥스 (M.C The Max),Unveiling,2016,10,518,2016-10,2016-10-31
엠씨더맥스 (M.C The Max),pathos,2016,2,6660,2016-02,2016-02-29
여자친구 (GFRIEND),1st Mini Album `Season Of Glass`,2015,1,19233,2015-01,2015-01-31
여자친구 (GFRIEND),2nd Mini Album `Flower Bud`,2015,7,28236,2015-07,2015-07-31
여자친구 (GFRIEND),3rd Mini Album `SNOWFLAKE`,2016,1,41689,2016-01,2016-01-31
여자친구 (GFRIEND),Season of Memories,2025,1,95163,2025-01,2025-01-31
여자친구 (GFRIEND),Summer Mini Album `Sunny Summer`,2018,7,55035,2018-07,2018-07-31
여자친구 (GFRIEND),The 1st Album `LOL`,2016,7,73985,2016-07,2016-07-31
여자친구 (GFRIEND),The 2nd Album `Time for us`,2019,1,94098,2019-01,2019-01-31
여자친구 (GFRIEND),The 4th Mini Album `THE AWAKENING`,2017,3,73493,2017-03,2017-03-31
여자친구 (GFRIEND),The 5th Mini Album,2017,8,62229,2017-08,2017-08-31
여자친구 (GFRIEND),The 5th Mini Album Repackage `RAINBOW`,2017,9,40066,2017-09,2017-09-30
여자친구 (GFRIEND),The 6th Mini Album `Time for the moon night`,2018,4,83197,2018-04,2018-04-30
여자친구 (GFRIEND),The 7th Mini Album `FEVER SEASON`,2019,7,82094,2019-07,2019-07-31
여자친구 (GFRIEND),回:LABYRINTH,2020,2,82533,2020-02,2020-02-29
여자친구 (GFRIEND),回:Song of the Sirens,2020,7,89405,2020-07,2020-07-31
여자친구 (GFRIEND),回:Walpurgis Night,2020,11,67922,2020-11,2020-11-30
여진 (이달의 소녀),YeoJin,2017,1,12278,2017-01,2017-01-31
연두,여자가 되고 싶어,2015,2,3176,2015-02,2015-02-28
연준,GGUM,2024,10,139500,2024-10,2024-10-31
영재 (Young Jae),Fancy,2019,4,4959,2019-04,2019-04-30
영재 (Young Jae),"O,on",2019,10,2750,2019-10,2019-10-31
영재 (Youngjae),COLORS from Ars,2021,10,77138,2021-10,2021-10-31
영재 (Youngjae),Do It,2023,11,15705,2023-11,2023-11-30
영재 (Youngjae),SUGAR,2022,6,65632,2022-06,2022-06-30
영재 (Youngjae),T.P.O,2024,7,7825,2024-07,2024-07-31
영탁,FORM,2023,8,630148,2023-08,2023-08-31
영탁,MMM,2022,7,535310,2022-07,2022-07-31
영탁,SuperSuper,2024,9,542228,2024-09,2024-09-30
예린 (YERIN),ARIA,2022,5,40281,2022-05,2022-05-31
예린 (YERIN),Rewrite,2024,9,7459,2024-09,2024-09-30
예린 (YERIN),"[Ready, Set, LOVE]",2023,8,9028,2023-08,2023-08-31
예성 (YESUNG),Beautiful Night - The 4th Mini Album,2021,5,121701,2021-05,2021-05-31
예성 (YESUNG),Floral Sense - The 1st Album Special Ver.,2023,2,51455,2023-02,2023-02-28
예성 (YESUNG),Here I Am - The 1st Mini Album,2016,4,42313,2016-04,2016-04-30
예성 (YESUNG),It`s Complicated - The 6th Mini Album,2024,11,67720,2024-11,2024-11-30
예성 (YESUNG),Pink Magic,2019,6,62391,2019-06,2019-06-30
예성 (YESUNG),Sensory Flows - The 1st Album,2023,1,118161,2023-01,2023-01-31
예성 (YESUNG),Spring Falling - The 2nd Mini Album,2017,4,32737,2017-04,2017-04-30
예성 (YESUNG),Unfading Sense - The 5th Mini Album,2023,10,68661,2023-10,2023-10-31
예지 (ITZY),AIR,2025,3,317118,2025-03,2025-03-31
예지 (피에스타),Foresight Dream,2016,1,616,2016-01,2016-01-31
오드아이써클 (이달의 소녀),Max&Match,2017,10,9886,2017-10,2017-10-31
오마이걸 (OH MY GIRL),6th Mini Album `REMEMBER ME`,2018,9,35671,2018-09,2018-09-30
오마이걸 (OH MY GIRL),COLORING BOOK,2017,4,29736,2017-04,2017-04-30
오마이걸 (OH MY GIRL),Closer,2015,10,9249,2015-10,2015-10-31
오마이걸 (OH MY GIRL),Dear OHMYGIRL,2021,5,98060,2021-05,2021-05-31
오마이걸 (OH MY GIRL),Dreamy Resonance,2024,8,55046,2024-08,2024-08-31
오마이걸 (OH MY GIRL),Golden Hourglass,2023,7,74164,2023-07,2023-07-31
오마이걸 (OH MY GIRL),NONSTOP,2020,4,46144,2020-04,2020-04-30
오마이걸 (OH MY GIRL),OH MY GIRL,2015,4,8144,2015-04,2015-04-30
오마이걸 (OH MY GIRL),PINK OCEAN,2016,3,13925,2016-03,2016-03-31
오마이걸 (OH MY GIRL),Real Love,2022,3,96880,2022-03,2022-03-31
오마이걸 (OH MY GIRL),SUMMER PACKAGE,2019,8,20281,2019-08,2019-08-31
오마이걸 (OH MY GIRL),THE FIFTH SEASON,2019,5,30490,2019-05,2019-05-31
오마이걸 (OH MY GIRL),WINDY DAY,2016,5,19386,2016-05,2016-05-31
오마이걸 (OH MY GIRL),내 얘길 들어봐,2016,8,26080,2016-08,2016-08-31
오마이걸 (OH MY GIRL),비밀정원,2018,1,35366,2018-01,2018-01-31
오마이걸 반하나,바나나 알러지 원숭이,2018,4,16058,2018-04,2018-04-30
오왼 오바도즈 (Owen Ovadoz),Problematic,2017,9,1236,2017-09,2017-09-30
오윤아,Live In Concert,2016,7,550,2016-07,2016-07-31
오윤아,Music For The Soul,2016,6,545,2016-06,2016-06-30
오하영,OH!,2019,8,9083,2019-08,2019-08-31
옥상달빛,월월월월금,2017,4,791,2017-04,2017-04-30
옥상달빛,희한한 시대,2015,5,960,2015-05,2015-05-31
옥주현,VOKAL : 2nd Album,2016,11,550,2016-11,2016-11-30
옥주현,VOKAL+: Musical Debut 10th Anniversary Concert,2016,8,1156,2016-08,2016-08-31
온앤오프 (ONF),6TH MINI ALBUM [Goosebumps],2021,12,114875,2021-12,2021-12-31
온앤오프 (ONF),Beautiful Shadow,2024,4,95008,2024-04,2024-04-30
온앤오프 (ONF),CITY OF ONF,2021,4,86702,2021-04,2021-04-30
온앤오프 (ONF),GO LIVE,2019,10,20089,2019-10,2019-10-31
온앤오프 (ONF),INSTRUMENTAL ALBUM [INFUSE],2024,8,12000,2024-08,2024-08-31
온앤오프 (ONF),LOVE EFFECT,2023,10,133892,2023-10,2023-10-31
온앤오프 (ONF),ON/OFF,2017,8,11798,2017-08,2017-08-31
온앤오프 (ONF),ONF: MY NAME,2021,2,76232,2021-02,2021-02-28
온앤오프 (ONF),ONF:MY IDENTITY,2025,2,97897,2025-02,2025-02-28
온앤오프 (ONF),SPECIAL ALBUM [Storage of ONF],2022,8,41501,2022-08,2022-08-31
온앤오프 (ONF),SPIN OFF,2020,8,81070,2020-08,2020-08-31
온앤오프 (ONF),SUMMER POPUP ALBUM [POPPING],2021,8,111875,2021-08,2021-08-31
온앤오프 (ONF),WE MUST LOVE,2019,2,16718,2019-02,2019-02-28
온앤오프 (ONF),YOU COMPLETE ME,2018,6,26238,2018-06,2018-06-30
온유 (ONEW),CONNECTION,2025,1,116963,2025-01,2025-01-31
온유 (ONEW),Circle - The 1st Album,2023,3,142601,2023-03,2023-03-31
온유 (ONEW),DICE - The 2nd Mini Album,2022,4,139695,2022-04,2022-04-30
온유 (ONEW),FLOW,2024,9,155039,2024-09,2024-09-30
온유 (ONEW),VOICE - The 1st Mini Album,2018,12,71501,2018-12,2018-12-31
온유 (ONEW),뮤지컬 태양의 노래 OST,2021,8,4874,2021-08,2021-08-31
올리비아 혜 (이달의 소녀),Olivia Hye,2018,3,16370,2018-03,2018-03-31
올티(Olltii),졸업,2015,3,637,2015-03,2015-03-31
옹성우,1st Mini Album [LAYERS],2020,3,70106,2020-03,2020-03-31
용국 & 시현,the.the.the,2017,8,33550,2017-08,2017-08-31
용준형,1ST ALBUM `GOODBYE 20`s`,2018,5,29587,2018-05,2018-05-31
용준형,LONER,2022,11,12139,2022-11,2022-11-30
우기 ((여자)아이들),YUQ1,2024,4,643287,2024-04,2024-04-30
우석 X 관린,9801,2019,3,36414,2019-03,2019-03-31
우원재,BLACK OUT,2020,8,2799,2020-08,2020-08-31
우원재,af,2018,11,1620,2018-11,2018-11-30
우주소녀,As you Wish,2019,11,96647,2019-11,2019-11-30
우주소녀,Dream your dream,2018,2,45156,2018-02,2018-02-28
우주소녀,From. 우주소녀,2017,1,36678,2017-01,2017-01-31
우주소녀,HAPPY MOMENT,2017,6,38763,2017-06,2017-06-30
우주소녀,Neverland,2020,6,105056,2020-06,2020-06-30
우주소녀,SPECIAL ALBUM,2019,6,78381,2019-06,2019-06-30
우주소녀,Sequence,2022,7,194325,2022-07,2022-07-31
우주소녀,The Secret,2016,8,19090,2016-08,2016-08-31
우주소녀,UNNATURAL,2021,3,92026,2021-03,2021-03-31
우주소녀,WJ PLEASE?,2018,9,61832,2018-09,2018-09-30
우주소녀,WJ STAY?,2019,1,63486,2019-01,2019-01-31
우주소녀,Would You Like?,2016,2,13190,2016-02,2016-02-29
우주소녀 더 블랙 (WJSN THE BLACK),My attitude,2021,5,73925,2021-05,2021-05-31
우주소녀 쪼꼬미,슈퍼 그럼요,2022,1,29598,2022-01,2022-01-31
우주소녀 쪼꼬미,흥칫뿡,2020,10,25595,2020-10,2020-10-31
"우진영, 김현수",Present,2018,6,2525,2018-06,2018-06-30
우효 (OOHYO),성난 도시로부터 멀리,2019,4,2337,2019-04,2019-04-30
우효 (OOHYO),소녀감성,2015,10,450,2015-10,2015-10-31
우효 (OOHYO),어드벤처,2015,10,838,2015-10,2015-10-31
웅산,I'm Alright,2018,9,859,2018-09,2018-09-30
웅산,Jazz Is My Life,2016,11,732,2016-11,2016-11-30
웅산,Temptation,2015,8,836,2015-08,2015-08-31
원더걸스 (Wonder Girls),REBOOT,2015,8,11150,2015-08,2015-08-31
원더걸스 (Wonder girls),Why So Lonely,2016,7,13169,2016-07,2016-07-31
원더나인(1THE9),Blah Blah,2019,10,13454,2019-10,2019-10-31
원더나인(1THE9),Good Bye 1THE9,2020,8,7500,2020-08,2020-08-31
원더나인(1THE9),Turn Over,2020,7,11920,2020-07,2020-07-31
원더나인(1THE9),XIX,2019,4,20706,2019-04,2019-04-30
원어스(ONEUS),BINARY CODE,2021,5,102678,2021-05,2021-05-31
원어스(ONEUS),BLOOD MOON,2021,11,175287,2021-11,2021-11-30
원어스(ONEUS),DEVIL,2021,1,118372,2021-01,2021-01-31
원어스(ONEUS),Dear.M,2025,1,28443,2025-01,2025-01-31
원어스(ONEUS),FLY WITH US,2019,9,44036,2019-09,2019-09-30
원어스(ONEUS),IN ITS TIME,2020,3,44343,2020-03,2020-03-31
원어스(ONEUS),LIGHT US,2019,1,31222,2019-01,2019-01-31
원어스(ONEUS),LIVED,2020,8,108257,2020-08,2020-08-31
원어스(ONEUS),La Dolce Vita,2023,9,214574,2023-09,2023-09-30
원어스(ONEUS),MALUS,2022,9,244812,2022-09,2022-09-30
원어스(ONEUS),PYGMALION,2023,5,238507,2023-05,2023-05-31
원어스(ONEUS),RAISE US,2019,5,37226,2019-05,2019-05-31
원어스(ONEUS),TRICKSTER,2022,5,234413,2022-05,2022-05-31
원위 (ONEWE),MEMORY : illusion,2020,12,14749,2020-12,2020-12-31
원위 (ONEWE),ONE,2020,5,14223,2020-05,2020-05-31
원위 (ONEWE),Planet Nine : Alter Ego,2021,6,19897,2021-06,2021-06-30
원위 (ONEWE),Planet Nine : ISOTROPY,2024,4,24405,2024-04,2024-04-30
원위 (ONEWE),Planet Nine : VOYAGER,2022,1,22128,2022-01,2022-01-31
원위 (ONEWE),SECRET SANTA,2025,1,9877,2025-01,2025-01-31
원위 (ONEWE),STUDIO WE : Recording,2020,10,7886,2020-10,2020-10-31
원위 (ONEWE),STUDIO WE : Recording #2,2021,12,11442,2021-12,2021-12-31
원위 (ONEWE),WE : Dream Chaser,2025,3,22069,2025-03,2025-03-31
원위 (ONEWE),시간을 담은 작은 방,2022,5,13804,2022-05,2022-05-31
"원탑, 주주 시크릿",JS엔터,2023,12,4000,2023-12,2023-12-31
원펀치 (1PUNCH),The Anthem,2015,1,407,2015-01,2015-01-31
원필 (DAY6),Pilmography,2022,2,47045,2022-02,2022-02-28
원호 (WONHO),1ST MINI ALBUM PART. 2 [Love Synonym #2 : Right for Us],2021,2,104382,2021-02,2021-02-28
원호 (WONHO),1ST MINI ALBUM Part. 1 [Love Synonym #1 : Right for Me],2020,9,143355,2020-09,2020-09-30
원호 (WONHO),Bittersweet,2022,10,57464,2022-10,2022-10-31
원호 (WONHO),Blue Letter,2021,9,78758,2021-09,2021-09-30
원호 (WONHO),Facade,2022,6,53251,2022-06,2022-06-30
원호 (WONHO),Obsession,2022,2,72849,2022-02,2022-02-28
웬디 (WENDY),Like Water - The 1st Mini Album,2021,4,180714,2021-04,2021-04-30
웬디 (WENDY),Wish You Hell - The 2nd Mini Album,2024,3,151963,2024-03,2024-03-31
위걸스 (We Girls),On Air,2018,9,704,2018-09,2018-09-30
위너(WINNER),2014S/S,2015,1,9575,2015-01,2015-01-31
위너(WINNER),2016 WINNER EXIT TOUR IN SEOUL LIVE,2016,7,3705,2016-07,2016-07-31
위너(WINNER),CROSS,2019,10,106543,2019-10,2019-10-31
위너(WINNER),EVERYD4Y,2018,4,123163,2018-04,2018-04-30
위너(WINNER),EXIT : E,2016,2,80421,2016-02,2016-02-29
위너(WINNER),FATE NUMBER FOR,2017,4,68172,2017-04,2017-04-30
위너(WINNER),HOLIDAY,2022,7,200246,2022-07,2022-07-31
위너(WINNER),MILLIONS,2018,12,60138,2018-12,2018-12-31
위너(WINNER),OUR TWENTY FOR,2017,8,56688,2017-08,2017-08-31
위너(WINNER),Remember,2020,4,113346,2020-04,2020-04-30
위너(WINNER),WE,2019,5,132019,2019-05,2019-05-31
위아이 (WEi),IDENTITY : Action,2021,6,89890,2021-06,2021-06-30
위아이 (WEi),IDENTITY : Challenge,2021,2,66375,2021-02,2021-02-28
위아이 (WEi),IDENTITY : First Sight,2020,10,67501,2020-10,2020-10-31
위아이 (WEi),Love Pt.1 : First Love,2022,3,118975,2022-03,2022-03-31
위아이 (WEi),Love Pt.2 : Passion,2022,10,145199,2022-10,2022-10-31
위아이 (WEi),Love Pt.3 : Eternally,2023,6,123466,2023-06,2023-06-30
위아이 (WEi),The Feelings,2025,1,50073,2025-01,2025-01-31
위키미키 (Weki Meki),I AM ME.,2021,11,17366,2021-11,2021-11-30
위키미키 (Weki Meki),"KISS, KICKS",2018,10,22281,2018-10,2018-10-31
위키미키 (Weki Meki),LOCK END LOL,2019,5,20051,2019-05,2019-05-31
위키미키 (Weki Meki),LUCKY,2018,2,1089,2018-02,2018-02-28
위키미키 (Weki Meki),Lucky,2018,2,31609,2018-02,2018-02-28
위키미키 (Weki Meki),WEEK END LOL,2019,8,9149,2019-08,2019-08-31
위키미키 (Weki Meki),WEME,2017,8,50319,2017-08,2017-08-31
위키미키 (Weki Meki),[HIDE and SEEK],2020,6,16848,2020-06,2020-06-30
위키미키 (Weki Meki),미니 4집 [NEW RULES],2020,10,12207,2020-10,2020-10-31
유겸 (YUGYEOM),Point Of View: U,2021,6,43906,2021-06,2021-06-30
유겸 (YUGYEOM),TRUST ME,2024,2,17386,2024-02,2024-02-29
유노윤호 (U-KNOW),NOIR - The 2nd Mini Album,2021,1,195199,2021-01,2021-01-31
유노윤호 (U-KNOW),Reality Show - The 3rd Mini Album,2023,8,135805,2023-08,2023-08-31
유노윤호 (U-KNOW),True Colors - The 1st Mini Album,2019,6,152043,2019-06,2019-06-30
유니콘,Once Upon A Time,2015,9,736,2015-09,2015-09-30
유니크 (UNIQ),EOEO,2015,4,7582,2015-04,2015-04-30
유리 (YURI),The First Scene - The 1st Mini Album,2018,10,17290,2018-10,2018-10-31
유선호,"봄, 선호",2018,4,14159,2018-04,2018-04-30
유승우,Pit a Pat,2016,2,1188,2016-02,2016-02-29
유아,Bon Voyage,2020,9,27021,2020-09,2020-09-30
유아,Borderline,2024,3,11864,2024-03,2024-03-31
유아,SELFISH,2022,11,21639,2022-11,2022-11-30
유앤비 (UNB),"2018 UNB Fan-Con [LET'S BEGIN, UNME]",2018,7,10499,2018-07,2018-07-31
유앤비 (UNB),BLACK HEART,2018,6,48855,2018-06,2018-06-30
유앤비 (UNB),BOYHOOD,2018,4,26954,2018-04,2018-04-30
유정 (OnlyOneOf),undergrOund idOl #1,2022,6,7459,2022-06,2022-06-30
유주 (YUJU),O,2023,3,13702,2023-03,2023-03-31
유주 (YUJU),[REC.],2022,1,27666,2022-01,2022-01-31
유채훈,Impasto,2023,6,27285,2023-06,2023-06-30
유채훈,Podium,2022,7,44438,2022-07,2022-07-31
유채훈,Sfumato,2024,8,15185,2024-08,2024-08-31
유키스 (U-KISS),Stalker,2016,6,9999,2016-06,2016-06-30
유키스 (U-Kiss),Always,2015,1,12224,2015-01,2015-01-31
유키카,"timeabout,",2021,4,8446,2021-04,2021-04-30
유키카,서울여자,2020,8,7563,2020-08,2020-08-31
육성재,EXHIBITION : Look Closely,2024,5,39371,2024-05,2024-05-31
육성재,YOOK O`clock,2020,3,26172,2020-03,2020-03-31
윤도현,노래하는 윤도현,2016,1,570,2016-01,2016-01-31
윤두준,Daybreak,2020,7,35741,2020-07,2020-07-31
윤미래,Gemini 2,2018,7,1877,2018-07,2018-07-31
윤산하 (ASTRO),DUSK,2024,8,65992,2024-08,2024-08-31
윤아 (YOONA),A Walk to Remember - Special Album,2019,5,53217,2019-05,2019-05-31
윤종신,행보 2014,2015,1,1916,2015-01,2015-01-31
윤종신,행보 2015,2016,1,1754,2016-01,2016-01-31
윤종신,행보 2016 윤종신,2017,1,1391,2017-01,2017-01-31
윤종신,행보 2017 윤종신,2018,1,1614,2018-01,2018-01-31
윤종신,행보 2018 윤종신,2019,1,1302,2019-01,2019-01-31
윤지성,Aside,2019,2,47893,2019-02,2019-02-28
윤지성,Dear diary,2019,4,23428,2019-04,2019-04-30
윤지성,Temperature of Love,2021,4,29712,2021-04,2021-04-30
윤지성,미로,2022,4,9887,2022-04,2022-04-30
윤하,6th Album Repackage `END THEORY : Final Edition`,2022,3,7852,2022-03,2022-03-31
윤하,6th Album `END THEORY`,2021,11,7421,2021-11,2021-11-30
윤하,7th Album Repackage `GROWTH THEORY : Final Edition`,2024,11,16658,2024-11,2024-11-30
윤하,7th Album `GROWTH THEORY`,2024,9,18805,2024-09,2024-09-30
윤하,RescuE,2017,12,7367,2017-12,2017-12-31
윤하,STABLE MINDSET,2019,7,4545,2019-07,2019-07-31
윤하,Studio Live Album `MINDSET`,2023,5,14524,2023-05,2023-05-31
윤하,UNSTABLE MINDSET,2020,1,6699,2020-01,2020-01-31
윤하,느린 우체통,2018,12,3720,2018-12,2018-12-31
은지원,2019 CONCERT `ON FIRE` LIVE,2019,11,3730,2019-11,2019-11-30
은지원,EUN JIWON THE 6TH ALBUM : G1,2019,11,1400,2019-11,2019-11-30
은지원,G1,2019,7,69976,2019-07,2019-07-31
은혁 (EUNHYUK),EXPLORER,2025,1,122318,2025-01,2025-01-31
의진,e:motion,2019,6,3544,2019-06,2019-06-30
이그니토 (Ignito),Gaia,2017,5,718,2017-05,2017-05-31
이기광,ONE,2017,9,25570,2017-09,2017-09-30
이기광,Predator,2023,4,44028,2023-04,2023-04-30
이니스 앙상블 (Ignis Ensemble),MUSICAE - 이니스 앙상블 창단 10주년 기념 앨범,2018,5,1028,2018-05,2018-05-31
이달의 소녀,HeeJin,2016,10,7703,2016-10,2016-10-31
이달의 소녀,Not Friends Special Edition,2021,11,41421,2021-11,2021-11-30
이달의 소녀,Summer Special [Flip That],2022,6,154492,2022-06,2022-06-30
이달의 소녀,[#],2020,2,83111,2020-02,2020-02-29
이달의 소녀,[&],2021,6,132193,2021-06,2021-06-30
이달의 소녀,[+ +],2018,8,61434,2018-08,2018-08-31
이달의 소녀,[12:00],2020,10,114503,2020-10,2020-10-31
이달의 소녀,이달의 소녀 미니 리패키지 [X X],2019,2,45274,2019-02,2019-02-28
이달의 소녀 1/3,Love & Evil,2017,4,5924,2017-04,2017-04-30
이달의 소녀 1/3,Love&Live,2017,3,7016,2017-03,2017-03-31
이달의 소녀 yyxy,beauty&thebeat,2018,5,21899,2018-05,2018-05-31
이달의 소녀 오드아이써클,Max&Match,2017,10,1250,2017-10,2017-10-31
이달의 소녀 오드아이써클,Mix&Match,2017,9,7869,2017-09,2017-09-30
이동규,Dream Quilter,2024,8,12904,2024-08,2024-08-31
이루마 (Yiruma),Piano,2015,10,745,2015-10,2015-10-31
이루마 (Yiruma),The Best - Reminiscent,2015,1,759,2015-01,2015-01-31
이루마 (Yiruma),The Very Best Of Yiruma : 'Yiruma & Piano',2015,1,3337,2015-01,2015-01-31
이루마 (Yiruma),f r a m e,2017,11,1181,2017-11,2017-11-30
이루펀트 (Eluphant),Man On The Moon,2015,7,700,2015-07,2015-07-31
이문세,BETWEEN US,2018,10,1594,2018-10,2018-10-31
이문세,NEW DIRECTION,2015,4,13467,2015-04,2015-04-30
이민혁 (HUTA),BOOM,2022,6,51919,2022-06,2022-06-30
이민혁 (HUTA),HUTAZONE,2019,1,37714,2019-01,2019-01-31
이민호,ALWAYS,2017,2,8133,2017-02,2017-02-28
이민호,The Day,2015,11,7694,2015-11,2015-11-30
이민호,노래할게,2015,2,1475,2015-02,2015-02-28
이병찬,ENCHANT,2024,11,6802,2024-11,2024-11-30
이병찬,My Cosmos,2024,3,7537,2024-03,2024-03-31
이브 (EVE),Romantic Show,2017,1,1973,2017-01,2017-01-31
이브 (Eve),We are EVE,2017,7,881,2017-07,2017-07-31
이브 (이달의 소녀),Yves,2017,11,11303,2017-11,2017-11-30
이석훈,Single Album `ALIVE`,2022,11,6885,2022-11,2022-11-30
이석훈,you&yours,2017,6,1186,2017-06,2017-06-30
이석훈,네 번째 미니 앨범 `무제`,2023,10,7056,2023-10,2023-10-31
이석훈,정규 1집 `같은 자리`,2022,3,8714,2022-03,2022-03-31
"이석훈, 윤하, CIX (씨아이엑스), 시그니처 (cignature), EPEX (이펙스)",C9 Single Album `2022 C9 Christmas`,2022,12,6670,2022-12,2022-12-31
이선희,30th Anniversary Lee Sunhee Live,2015,1,10650,2015-01,2015-01-31
이선희,Mozart Rietz,2017,1,1528,2017-01,2017-01-31
이선희,SERENDIPITY,2015,1,721,2015-01,2015-01-31
이선희,르 데르니에 아무르,2018,6,3829,2018-06,2018-06-30
이선희,안부,2020,6,4385,2020-06,2020-06-30
이성종 (인피니트),The One,2023,3,10000,2023-03,2023-03-31
이세준,데뷔 20주년 기념앨범,2016,9,1522,2016-09,2016-09-30
이솔로몬,새벽이 불쑥 나를 찾을 때,2023,1,5979,2023-01,2023-01-31
이수 (M.C The Max),inhale,2017,5,1426,2017-05,2017-05-31
이승기,The Project,2020,12,22194,2020-12,2020-12-31
이승기,그리고...,2015,6,18828,2015-06,2015-06-30
이승열,SYX,2015,7,1141,2015-07,2015-07-31
이승윤,PRE-RELEASE 3RD ALBUM [YEOK SEONG],2024,7,76242,2024-07,2024-07-31
이승윤,꿈의 거처,2023,1,85616,2023-01,2023-01-31
이승윤,역성,2024,10,110136,2024-10,2024-10-31
이승윤,폐허가 된다 해도,2021,11,71218,2021-11,2021-11-30
이승철,11집 My Love,2015,5,1058,2015-05,2015-05-31
이승철,The Best Live,2016,5,1061,2016-05,2016-05-31
이승철,시간 참 빠르다,2015,5,16584,2015-05,2015-05-31
이승협 (J.DON),ON THE TRACK,2021,2,45783,2021-02,2021-02-28
이승환,3+3,2015,10,9217,2015-10,2015-10-31
이승환,FALL TO FLY 後,2019,10,7965,2019-10,2019-10-31
이승환,fall to fly-前,2015,10,456,2015-10,2015-10-31
이승훈,MY TYPE,2024,7,19980,2024-07,2024-07-31
이영지,16 Fantasy,2024,8,5665,2024-08,2024-08-31
이은미,The Best Collection 2000~2011,2015,11,649,2015-11,2015-11-30
이은상,Beautiful Scar,2020,8,28859,2020-08,2020-08-31
이은상,Beautiful Sunshine,2021,9,12115,2021-09,2021-09-30
이재훈,20 Years Of Cool,2015,1,2431,2015-01,2015-01-31
이적,Trace,2020,11,3265,2020-11,2020-11-30
이적,고독의 의미,2015,8,1752,2015-08,2015-08-31
이정표,Milestone,2016,6,557,2016-06,2016-06-30
이준영,GALLERY,2019,12,2404,2019-12,2019-12-31
"이지수, London Symphony Orchestra",Arirang Concertante,2015,4,654,2015-04,2015-04-30
이진아,RANDOM,2017,7,999,2017-07,2017-07-31
이진혁,5ight,2022,8,35854,2022-08,2022-08-31
이진혁,Ctrl+V,2021,10,52725,2021-10,2021-10-31
이진혁,NEW QUEST: JUNGLE,2024,4,36565,2024-04,2024-04-30
이진혁,S.O.L,2019,11,99530,2019-11,2019-11-30
이진혁,SCENE26,2021,4,59666,2021-04,2021-04-30
이진혁,Splash!,2020,7,68457,2020-07,2020-07-31
이찬원,..선물,2021,10,111387,2021-10,2021-10-31
이찬원,ONE,2023,2,587344,2023-02,2023-02-28
이찬원,bright;燦,2024,4,608591,2024-04,2024-04-30
이창민,the Bright sky,2018,4,931,2018-04,2018-04-30
이창섭,1st ALBUM <1991>,2024,10,38205,2024-10,2024-10-31
이창섭,Mark,2018,12,47433,2018-12,2018-12-31
이창섭,reissue #001 `SURRENDER`,2022,9,36302,2022-09,2022-09-30
이채연,HUSH RUSH,2022,10,36589,2022-10,2022-10-31
이채연,Over The Moon,2023,4,31066,2023-04,2023-04-30
이채연,SHOWDOWN,2024,7,12440,2024-07,2024-07-31
이채연,The Move : Street,2023,9,14500,2023-09,2023-09-30
이철웅,Romantic Trombone Concertos,2019,4,1024,2019-04,2019-04-30
이하이,24℃,2019,5,5285,2019-05,2019-05-31
이하이,4 ONLY,2021,9,8315,2021-09,2021-09-30
이하이,SEOULITE,2016,4,7125,2016-04,2016-04-30
이해리,from h,2020,1,2491,2020-01,2020-01-31
이해리 (다비치),h,2017,4,1952,2017-04,2017-04-30
이해인,달놀음,2018,1,1033,2018-01,2018-01-31
이홍기,FM302,2015,11,36955,2015-11,2015-11-30
이홍기,LEE HONG GI 2ND MINI ALBUM [DO n DO],2018,10,17516,2018-10,2018-10-31
이효리,BLACK,2017,7,3792,2017-07,2017-07-31
인투잇 (IN2IT),Into The Night Fever,2018,7,9512,2018-07,2018-07-31
인투잇 (IN2IT),SnapShot,2018,4,10032,2018-04,2018-04-30
인피니트 (Infinite),13egin,2023,7,93653,2023-07,2023-07-31
인피니트 (Infinite),Be Back,2015,1,4221,2015-01,2015-01-31
인피니트 (Infinite),Evolution,2015,2,339,2015-02,2015-02-28
인피니트 (Infinite),INFINITE ONLY,2016,9,129567,2016-09,2016-09-30
인피니트 (Infinite),LIKE INFINITE,2025,3,184999,2025-03,2025-03-31
인피니트 (Infinite),One Great Step Returns Live,2015,4,14241,2015-04,2015-04-30
인피니트 (Infinite),Paradise,2015,1,723,2015-01,2015-01-31
인피니트 (Infinite),Reality,2015,7,151669,2015-07,2015-07-31
인피니트 (Infinite),TOP SEED,2018,1,81703,2018-01,2018-01-31
인피니트H,Fly Again,2015,1,45273,2015-01,2015-01-31
인피니트H,Fly High,2015,1,407,2015-01,2015-01-31
일급비밀,WAKE UP,2017,6,1116,2017-06,2017-06-30
일급비밀 (TST),LOVE STORY,2018,5,1204,2018-05,2018-05-31
일급비밀 (TST),WAKE UP,2019,2,1431,2019-02,2019-02-28
일급비밀 (TST),낙원,2018,11,1236,2018-11,2018-11-30
일급비밀 (TopSecret),1st Mini Album,2017,1,1923,2017-01,2017-01-31
임동혁,라흐마니노프 : 피아노 협주곡 2번 & 교향적 무곡,2019,5,1091,2019-05,2019-05-31
임동혁,쇼팽 전주곡집,2015,11,6237,2015-11,2015-11-30
"임동혁, 김수연",슈베르트 포 투,2015,2,1431,2015-02,2015-02-28
임영민,LOVE?,2024,6,19691,2024-06,2024-06-30
임영민,On My Way,2025,2,9196,2025-02,2025-02-28
임영민,ROOM,2023,8,19972,2023-08,2023-08-31
임영웅,IM HERO,2022,5,1138876,2022-05,2022-05-31
임윤찬,"Chopin: Etudes, Opp. 10 & 25",2024,4,9319,2024-04,2024-04-30
"임윤찬, 광주시립교향악단, 홍석원","베토벤, 윤이상, 바버",2022,12,17075,2022-12,2022-12-31
임재범,30주년 기념 앨범 애프터 더 선셋 : 화이트 나잇,2015,11,5350,2015-11,2015-11-30
임재범,Memories,2015,12,1787,2015-12,2015-12-31
임재범,메모리즈,2015,1,880,2015-01,2015-01-31
임준희,댄싱산조 2,2017,6,742,2017-06,2017-06-30
"임지영, 임동혁",Mozart & Beethoven : Violin Sonatas,2017,9,1171,2017-09,2017-09-30
임창정,Bye,2021,12,2607,2021-12,2021-12-31
임창정,I`M,2016,9,7665,2016-09,2016-09-30
임창정,LIM CHANG JUNG LIVE ALBUM,2017,6,1611,2017-06,2017-06-30
임창정,그 사람을 아나요,2017,10,1854,2017-10,2017-10-31
임창정,또 다시 사랑,2015,9,3996,2015-09,2015-09-30
임창정,십삼월,2019,9,4984,2019-09,2019-09-30
임창정,하루도 그대를 사랑하지 않은 적이 없었다,2018,9,2343,2018-09,2018-09-30
임창정,힘든 건 사랑이 아니다,2020,10,2556,2020-10,2020-10-31
임태경,순수의 시대,2015,12,1420,2015-12,2015-12-31
임팩트,L.L,2020,4,1107,2020-04,2020-04-30
임팩트,Lollipop,2016,1,4272,2016-01,2016-01-31
임팩트,Only U,2019,2,1587,2019-02,2019-02-28
임팩트,반란,2016,11,3338,2016-11,2016-11-30
"임헌정, Korean Symphony Orchestra",브루크너 : 9개의 교향곡,2017,3,2350,2017-03,2017-03-31
임현식,RENDEZ-VOUS,2019,10,29923,2019-10,2019-10-31
임현식,RENDEZ-VOUS + LIVE ALBUM,2020,1,2814,2020-01,2020-01-31
임현식,The Young Man and the Deep Sea,2024,2,27408,2024-02,2024-02-29
임형주,The Last Confession - 마지막 고해,2016,11,1120,2016-11,2016-11-30
임형주,사랑,2015,2,1745,2015-02,2015-02-28
임희영,프랑스 첼로 협주곡집,2018,11,1168,2018-11,2018-11-30
자우림,자우림,2018,6,3682,2018-06,2018-06-30
자이로 (zai.ro),2019 자이로 콘서트 New Zeneration,2019,10,1229,2019-10,2019-10-31
자이언티 (Zion.T),1집 Red Light,2015,7,959,2015-07,2015-07-31
자이언티(Zion.T),OO,2017,2,3934,2017-02,2017-02-28
자이언티(Zion.T),ZZZ,2018,10,3464,2018-10,2018-10-31
잔나비,MONKEY HOTEL,2016,8,10477,2016-08,2016-08-31
잔나비,잔나비 소곡집 l,2020,11,10851,2020-11,2020-11-30
잔나비,잔나비 소곡집 ll : 초록을거머쥔우리는,2022,5,10339,2022-05,2022-05-31
잔나비,전설,2019,3,16557,2019-03,2019-03-31
잔나비,환상의 나라,2021,8,13761,2021-08,2021-08-31
장기하와 얼굴들,mono,2018,11,3365,2018-11,2018-11-30
장기하와 얼굴들,내 사랑에 노련한 사람이 어딨나요,2016,6,2881,2016-06,2016-06-30
장대현,FEEL GOOD,2019,9,2080,2019-09,2019-09-30
장동우,BYE,2019,3,13907,2019-03,2019-03-31
장미여관,오빠는 잘 있단다,2016,3,623,2016-03,2016-03-31
장민호,ETERNAL,2022,11,124995,2022-11,2022-11-30
장민호,에세이 ep.1,2022,1,37660,2022-01,2022-01-31
장민호,에세이 ep.2,2023,10,113745,2023-10,2023-10-31
장민호,에세이 ep.3,2024,11,115282,2024-11,2024-11-30
장범준,장범준 2집,2016,3,10000,2016-03,2016-03-31
장범준,장범준 3집,2019,3,5856,2019-03,2019-03-31
장범준,장범준1집,2016,3,649,2016-03,2016-03-31
장사익,6집 꽃구경,2015,3,493,2015-03,2015-03-31
장사익,공연실황: 따뜻한 봄날 꽃구경,2015,3,2233,2015-03,2015-03-31
장사익,꽃인 듯 눈물인 듯,2015,1,1364,2015-01,2015-01-31
장사익,자화상,2018,11,1513,2018-11,2018-11-30
장사익,하늘 가는 길,2015,9,1175,2015-09,2015-09-30
장우영,헤어질 때,2018,1,14467,2018-01,2018-01-31
장우혁,HE,2020,9,21930,2020-09,2020-09-30
장우혁,럽,2020,11,6692,2020-11,2020-11-30
장재인,LIQUID,2015,6,930,2015-06,2015-06-30
장현승,MY,2015,5,21925,2015-05,2015-05-31
재찬,1st Mini Album `JCFACTORY`,2023,9,88765,2023-09,2023-09-30
재현 (JAEHYUN),J - The 1st Album,2024,8,438056,2024-08,2024-08-31
저스디스 (JUSTHIS),2 MANY HOMES 4 1 KID,2016,7,560,2016-07,2016-07-31
적재,2006,2020,11,2866,2020-11,2020-11-30
전설,Sound Up!,2016,1,738,2016-01,2016-01-31
전설,손톱,2015,11,763,2015-11,2015-11-30
전소미,GAME PLAN,2023,8,62468,2023-08,2023-08-31
전소미,XOXO,2021,11,58933,2021-11,2021-11-30
전소연,Windy,2021,7,38717,2021-07,2021-07-31
전수경,"여, 행하라",2019,9,1000,2019-09,2019-09-30
전유진,미니앨범 `Only You`,2024,12,5310,2024-12,2024-12-31
전진,#REAL#,2015,9,18420,2015-09,2015-09-30
전진,#REAL# IN LA,2015,12,4412,2015-12,2015-12-31
전진,THE SEASONS REVOLVE - SUMMER,2018,6,4120,2018-06,2018-06-30
전효성,FANTASIA,2015,5,14086,2015-05,2015-05-31
전효성,물들다 : Colored,2016,3,4971,2016-03,2016-03-31
정경,바다를 담은 소녀,2016,11,1571,2016-11,2016-11-30
정경화,Con Amore,2015,6,320,2015-06,2015-06-30
정경화,바흐 : 무반주 바이올린 소나타와 파르티타 전곡,2016,10,5415,2016-10,2016-10-31
정국,GOLDEN,2023,11,2940279,2023-11,2023-11-30
정기고 (Junggigo),ACROSS THE UNIVERSE,2017,4,538,2017-04,2017-04-30
정대현,1st Single Album `Aight`,2019,10,4648,2019-10,2019-10-31
정동원,고리,2024,11,46458,2024-11,2024-11-30
정동원,"그리움, 아낌없이 주는 나무",2021,11,144576,2021-11,2021-11-30
정동원,사내[MAN],2022,12,65491,2022-12,2022-12-31
정동원,소품집 Vol.1,2023,9,103757,2023-09,2023-09-30
정동원,손편지,2022,4,56564,2022-04,2022-04-30
정동원,키다리의 선물,2025,3,153044,2025-03,2025-03-31
정동하,CROSSROAD,2018,9,3671,2018-09,2018-09-30
정동하,DREAM,2016,7,500,2016-07,2016-07-31
정동하,LIFE,2017,10,2078,2017-10,2017-10-31
정동하,Part 2 Dream,2016,6,2457,2016-06,2016-06-30
정동하,Sketch,2019,9,2367,2019-09,2019-09-30
정명훈,Beethoven Symphony No.9,2015,3,1435,2015-03,2015-03-31
"정명훈, 서울시립교향악단",베토벤 : 레오노레 서곡 3번 Op.72a & 생상스 : 교향곡 3번 Op.78 '오르간',2017,3,5058,2017-03,2017-03-31
정미조,37 Years,2016,3,798,2016-03,2016-03-31
정세운,24 PART 1,2020,7,17753,2020-07,2020-07-31
정세운,24 PART 2,2021,1,14192,2021-01,2021-01-31
정세운,AFTER,2018,1,30850,2018-01,2018-01-31
정세운,ANOTHER,2018,7,23707,2018-07,2018-07-31
정세운,DAY,2019,10,17999,2019-10,2019-10-31
정세운,PLUS MINUS ZERO,2019,3,20388,2019-03,2019-03-31
정세운,Quiz,2024,1,14599,2024-01,2024-01-31
정세운,THE 1ST MINI ALBUM PART.1 [EVER],2017,8,41371,2017-08,2017-08-31
정세운,Where is my Garden!,2022,5,15403,2022-05,2022-05-31
정승환,그리고 봄,2018,2,7100,2018-02,2018-02-28
정승환,목소리,2016,11,7471,2016-11,2016-11-30
정승환,"안녕, 나의 우주",2019,4,5132,2019-04,2019-04-30
정엽,Merry Go Round,2015,5,1041,2015-05,2015-05-31
정용화,Jung Yong Hwa 1st Concert One Fine Day,2015,11,4490,2015-11,2015-11-30
정용화(Jung Yong Hwa),JUNG YONG HWA 1ST MINI ALBUM DO DISTURB,2017,7,65445,2017-07,2017-07-31
정용화(Jung Yong Hwa),YOUR CITY,2023,9,47075,2023-09,2023-09-30
정용화(Jung Yong Hwa),어느 멋진 날,2015,1,119638,2015-01,2015-01-31
정은지,Dream,2016,4,40886,2016-04,2016-04-30
정은지,Simple,2020,7,26045,2020-07,2020-07-31
정은지,log,2022,11,22291,2022-11,2022-11-30
정은지,공간,2017,4,26617,2017-04,2017-04-30
정은지,혜화,2018,10,17773,2018-10,2018-10-31
정인,rare,2016,1,550,2016-01,2016-01-31
정일훈,Big wave,2018,3,34005,2018-03,2018-03-31
정재일,기생충 OST,2020,2,4006,2020-02,2020-02-29
정재형,Avec Piano,2019,6,1160,2019-06,2019-06-30
정준영,1인칭,2017,2,5327,2017-02,2017-02-28
정준영,공감,2016,2,6232,2016-02,2016-02-29
정준영,피앙세,2018,3,4919,2018-03,2018-03-31
정준영밴드,일탈다반사,2015,5,10912,2015-05,2015-05-31
정준일,Elephant,2018,1,1864,2018-01,2018-01-31
정준일,Live,2015,7,1335,2015-07,2015-07-31
정준일,UNDERWATER,2016,1,1500,2016-01,2016-01-31
정준일,더 아름다운 것,2017,3,2217,2017-03,2017-03-31
정준일,정리,2018,11,1149,2018-11,2018-11-30
정진운,WILL,2016,6,1164,2016-06,2016-06-30
"정치용, Korean Symphony Orchestra",브람스 교향곡 1번 & 최성환 아리랑 환상곡,2019,1,2045,2019-01,2019-01-31
정태춘,사람들 2019`,2019,5,2251,2019-05,2019-05-31
"정태춘, 박은옥",20년 골든앨범,2019,5,1339,2019-05,2019-05-31
정한X원우 (SEVENTEEN),1st Single Album `THIS MAN`,2024,6,966546,2024-06,2024-06-30
제국의 아이들 (ZE:A),Continue,2015,9,2305,2015-09,2015-09-30
제니 (JENNIE),Ruby,2025,3,655472,2025-03,2025-03-31
제니 (JENNIE),SOLO,2018,11,155572,2018-11,2018-11-30
제시(Jessi),UN2VERSE,2017,7,1091,2017-07,2017-07-31
제이제이씨씨(JJCC),JJCC 2ND 미니앨범 `악몽`,2015,8,1306,2015-08,2015-08-31
제이창 (Jay Chang),Late Night,2023,10,6949,2023-10,2023-10-31
젝스키스,2016 Re-ALBUM,2016,12,74791,2016-12,2016-12-31
젝스키스,ALL FOR YOU,2020,1,42459,2020-01,2020-01-31
젝스키스,ANOTHER LIGHT,2017,9,98775,2017-09,2017-09-30
젝스키스,THE 20TH ANNIVERSARY,2017,4,75185,2017-04,2017-04-30
조PD,황금알을 낳는 거위 Part.1,2015,3,503,2015-03,2015-03-31
조미 (ZHOUMI),What`s Your Number? - The 2nd Mini Album,2016,7,3524,2016-07,2016-07-31
조민규,신세계 : NEW AGE,2020,2,1200,2020-02,2020-02-29
조민규,신세계 : PARANA,2021,12,4041,2021-12,2021-12-31
조성진,2015 쇼팽 콩쿠르 우승 실황앨범,2015,11,91234,2015-11,2015-11-30
조성진,Mozart : Piano Concerto No.20,2018,11,10732,2018-11,2018-11-30
조성진,Ravel: The Complete Solo Piano Works,2025,1,6971,2025-01,2025-01-31
조성진,The Wanderer,2020,5,10959,2020-05,2020-05-31
조성진,드뷔시,2017,11,13208,2017-11,2017-11-30
조성진,쇼팽 : 피아노 협주곡 1번 & 4개의 발라드,2016,11,18496,2016-11,2016-11-30
"조성진, London Symphony Orchestra, Gianandrea Noseda",쇼팽: 피아노 협주곡 2번 & 스케르초,2021,9,5224,2021-09,2021-09-30
"조성진, 정명훈",Beethoven : Piano Concerto & Symphony No.5,2018,8,5000,2018-08,2018-08-31
조수미,Mother,2019,5,8662,2019-05,2019-05-31
조수미,"Only Bach : Cantatas for Soprano, Violin & Guitar",2015,3,495,2015-03,2015-03-31
조수미,그.리.다.,2015,8,12642,2015-08,2015-08-31
조수미,라 프리마 돈나,2016,8,3267,2016-08,2016-08-31
조영욱,강남 1970 OST,2015,2,1626,2015-02,2015-02-28
조영욱,아가씨 OST,2016,8,7384,2016-08,2016-08-31
조용필,20,2024,11,7224,2024-11,2024-11-30
조용필,45TH ANNIVERSARY CONCERT HELLO,2015,4,4010,2015-04,2015-04-30
조유리,GLASSY,2021,10,89168,2021-10,2021-10-31
조유리,LOVE ALL,2023,8,39997,2023-08,2023-08-31
조유리,Op.22 Y-Waltz : in Major,2022,6,92679,2022-06,2022-06-30
조유리,Op.22 Y-Waltz : in Minor,2022,10,58874,2022-10,2022-10-31
조이 (JOY),안녕,2021,6,31606,2021-06,2021-06-30
조이 (JOY),안녕 - Special Album,2021,6,114450,2021-06,2021-06-30
조이 오브 스트링스 (Joy Of Strings),Slavic Sketches,2017,4,747,2017-04,2017-04-30
조재혁,Beethoven and Liszt Concertos,2019,2,1284,2019-02,2019-02-28
조재혁,"베토벤 : 피아노 소나타 8번 '비창', 21번 '발트슈타인' & 23번 '열정'",2017,11,2039,2017-11,2017-11-30
존 노,NSQG 2 - The other side,2022,3,20771,2022-03,2022-03-31
존 노,NSQG 3 - 그리움,2023,6,11197,2023-06,2023-06-30
존 노,The Classic Album : NSQG,2021,9,27954,2021-09,2021-09-30
종현 (JONGHYUN),Poet l Artist,2018,1,240634,2018-01,2018-01-31
종현 (JONGHYUN),The 1st Mini Album `BASE`,2015,1,97136,2015-01,2015-01-31
종현 (JONGHYUN),소품집 `이야기 Op.1`,2018,2,2000,2018-02,2018-02-28
종현 (JONGHYUN),소품집 `이야기 Op.2`,2018,2,2000,2018-02,2018-02-28
종현 (JONGHYUN),종현 소품집 `이야기 Op.1`,2015,9,51526,2015-09,2015-09-30
종현 (JONGHYUN),종현 소품집 `이야기 Op.2`,2017,4,72987,2017-04,2017-04-30
종현 (JONGHYUN),좋아 - The 1st Album,2016,5,82432,2016-05,2016-05-31
주니엘 (JUNIEL),Ordinary Things,2017,10,1066,2017-10,2017-10-31
주연선,Bach : Cello Suites,2016,3,640,2016-03,2016-03-31
주헌,LIGHTS,2023,5,70206,2023-05,2023-05-31
준지 (OnlyOneOf),undergrOund idOl #3,2022,8,6754,2022-08,2022-08-31
준케이 (JUN. K),20분,2020,12,9408,2020-12,2020-12-31
준케이 (JUN. K),77-1X3-00,2017,1,11297,2017-01,2017-01-31
준케이 (JUN. K),Mr. NO♡,2016,8,25700,2016-08,2016-08-31
준케이 (JUN. K),나의 20대,2017,11,15209,2017-11,2017-11-30
준호,CANVAS,2017,9,23254,2017-09,2017-09-30
준호,One,2015,9,11783,2015-09,2015-09-30
준호,TWO,2019,1,16596,2019-01,2019-01-31
지민,FACE,2023,3,1758272,2023-03,2023-03-31
지민,MUSE,2024,7,903279,2024-07,2024-07-31
지수 (JISOO),AMORTAGE,2025,2,598762,2025-02,2025-02-28
지수 (JISOO),ME,2023,3,1529354,2023-03,2023-03-31
지코 (ZICO),GALLERY,2015,12,29656,2015-12,2015-12-31
지코 (ZICO),Grown Ass Kid,2022,8,16374,2022-08,2022-08-31
지코 (ZICO),RANDOM BOX,2020,7,19615,2020-07,2020-07-31
지코 (ZICO),TELEVISION,2017,7,18330,2017-07,2017-07-31
지코 (ZICO),THINKING,2019,11,12906,2019-11,2019-11-30
지코 (ZICO),ZICO SPECIAL EDITION,2016,1,5644,2016-01,2016-01-31
지헤라,XOX,2015,7,411,2015-07,2015-07-31
지효 (TWICE),ZONE,2023,8,599022,2023-08,2023-08-31
진 (JIN),Happy,2024,11,1064123,2024-11,2024-11-30
진 (JIN),The Astronaut,2022,10,1112072,2022-10,2022-10-31
진솔 (이달의 소녀),Jin Soul,2017,6,11426,2017-06,2017-06-30
진영 (GOT7),Chapter 0: WITH,2023,1,41954,2023-01,2023-01-31
진진&라키,Restore,2022,1,70145,2022-01,2022-01-31
진해성,愛,2024,11,30000,2024-11,2024-11-30
진해성,별[星],2021,9,27285,2021-09,2021-09-30
진호(펜타곤),CHO:RD,2024,9,15572,2024-09,2024-09-30
쯔위 (TWICE),abouTZU,2024,9,426806,2024-09,2024-09-30
차은우,ENTITY,2024,2,214673,2024-02,2024-02-29
찬열 (CHANYEOL),Black Out - The 1st Mini Album,2024,8,411220,2024-08,2024-08-31
창모 (CHANGMO),Boyhood,2020,2,3542,2020-02,2020-02-29
창모 (CHANGMO),UNDERGROUND ROCKSTAR,2022,4,5092,2022-04,2022-04-30
창모 (CHANGMO),돈 번 순간,2017,7,880,2017-07,2017-07-31
창모 (CHANGMO),돈 벌 시간 2,2016,12,506,2016-12,2016-12-31
창모 (CHANGMO),돈 벌 시간 3,2016,12,510,2016-12,2016-12-31
천둥,THUNDER,2016,12,1300,2016-12,2016-12-31
첫사랑(CSR),DELIGHT,2023,3,17415,2023-03,2023-03-31
첫사랑(CSR),Sequence : 17&,2022,11,13985,2022-11,2022-11-30
첫사랑(CSR),Sequence : 7272,2022,7,17414,2022-07,2022-07-31
청하,Alivio,2025,2,6370,2025-02,2025-02-28
청하,Bare&Rare Pt.1,2022,7,11230,2022-07,2022-07-31
청하,Blooming Blue,2018,7,10751,2018-07,2018-07-31
청하,Flourishing,2019,6,20854,2019-06,2019-06-30
청하,Hands On Me,2017,6,11679,2017-06,2017-06-30
청하,Killing Me,2021,11,8264,2021-11,2021-11-30
청하,MAXI SINGLE,2020,7,12613,2020-07,2020-07-31
청하,Offset,2018,1,13279,2018-01,2018-01-31
청하,Querencia,2021,2,29082,2021-02,2021-02-28
청하,벌써 12시,2019,1,10000,2019-01,2019-01-31
체리블렛 (Cherry Bullet),Cherry Dash,2023,3,36962,2023-03,2023-03-31
체리블렛 (Cherry Bullet),Cherry Rush,2021,1,12969,2021-01,2021-01-31
체리블렛 (Cherry Bullet),Cherry Wish,2022,3,23999,2022-03,2022-03-31
체리블렛 (Cherry Bullet),LOVE ADVENTURE,2019,5,12991,2019-05,2019-05-31
체리블렛 (Cherry Bullet),Lets Play Cherry Bullet,2019,1,14676,2019-01,2019-01-31
첸 (CHEN),DOOR - The 4th Mini Album,2024,5,81095,2024-05,2024-05-31
첸 (CHEN),사라지고 있어 - The 3rd Mini Album,2022,11,85439,2022-11,2022-11-30
첸 (CHEN),사랑하는 그대에게 - The 2nd Mini Album,2019,10,170341,2019-10,2019-10-31
첸 (CHEN),"사월, 그리고 꽃",2019,4,24700,2019-04,2019-04-30
첸 (CHEN),"사월, 그리고 꽃 - The 1st Mini Album",2019,4,188316,2019-04,2019-04-30
최강창민 (MAX CHANGMIN),Chocolate - The 1st Mini Album,2020,4,109543,2020-04,2020-04-30
최강창민 (MAX),Chocolate - The 1st Mini Album,2020,4,3761,2020-04,2020-04-30
최강창민 (MAX),Devil - The 2nd Mini Album,2022,1,34910,2022-01,2022-01-31
최리 (이달의 소녀),Choerry,2018,4,10175,2018-04,2018-04-30
최백호,불혹,2017,3,964,2017-03,2017-03-31
최유리,746,2024,12,3237,2024-12,2024-12-31
최유정 (Weki Meki),Sunflower,2022,9,13700,2022-09,2022-09-30
최희연,"베토벤 : 피아노 소나타 18번, 26번'고별', 27번 & 30번",2018,12,1000,2018-12,2018-12-31
츄 (이달의 소녀),Chuu,2017,12,17118,2017-12,2017-12-31
츄(Chuu),Howl,2023,10,46084,2023-10,2023-10-31
츄(Chuu),Strawberry Rush,2024,6,51454,2024-06,2024-06-30
칠학년일반,Believe,2015,11,673,2015-11,2015-11-30
카더가든,Apartment,2017,12,799,2017-12,2017-12-31
카라 (KARA),7th Mini Album `In Love`,2015,5,13883,2015-05,2015-05-31
카라 (KARA),MOVE AGAIN,2022,11,20128,2022-11,2022-11-30
카이 (KAI),KAI - The 1st Mini Album,2020,11,359563,2020-11,2020-11-30
카이 (KAI),Peaches - The 2nd Mini Album,2021,11,275572,2021-11,2021-11-30
카이 (KAI),Rover - The 3rd Mini Album,2023,3,247222,2023-03,2023-03-31
칸토,14216,2016,10,489,2016-10,2016-10-31
커피소년,힘내,2015,4,451,2015-04,2015-04-30
케빈오,Stardust,2017,1,701,2017-01,2017-01-31
케이윌 (K.Will),RE:,2015,3,5498,2015-03,2015-03-31
케이윌 (K.Will),The 4th Album Part.1 [Nonfiction],2017,9,6012,2017-09,2017-09-30
케이윌 (K.Will),The 4th Album Part.2 [想像; Mood Indigo],2018,11,5403,2018-11,2018-11-30
켄,김형석 with Friends Pop & Pop Collaboration #1 Ken X Bicha,2018,8,4303,2018-08,2018-08-31
켄 (KEN),1st MINI ALBUM : 인사,2020,5,19906,2020-05,2020-05-31
켄 (KEN),PUZZLE,2024,12,11803,2024-12,2024-12-31
코드 쿤스트 (CODE KUNST),PEOPLE,2020,4,6466,2020-04,2020-04-30
코드 쿤스트 (CODE KUNST),Remember Archive,2023,4,12905,2023-04,2023-04-30
코드쿤스트(Code Kunst),Crumple,2017,9,864,2017-09,2017-09-30
코드쿤스트(Code Kunst),MUGGLES` MANSION,2017,3,1231,2017-03,2017-03-31
코코소리,MI AMOR,2018,2,1294,2018-02,2018-02-28
콜레기움 보칼레 서울 (Collegium Vocale Seoul),모테트,2017,5,1057,2017-05,2017-05-31
쿨 (Cool),All Time Greatest Hits Part1,2016,2,3794,2016-02,2016-02-29
크나큰,3rd mini album [KNK AIRLINE],2020,9,16119,2020-09,2020-09-30
크나큰,AWAKE,2016,6,12456,2016-06,2016-06-30
크나큰,GRAVITY,2017,5,13111,2017-05,2017-05-31
크나큰,KNK S/S COLLECTION,2019,7,12232,2019-07,2019-07-31
크나큰,KNOCK,2016,3,5978,2016-03,2016-03-31
크나큰,LONELY NIGHT,2019,1,10574,2019-01,2019-01-31
크나큰,Remain,2016,11,12864,2016-11,2016-11-30
크나큰,"`GRAVITY, Completed` Repackage",2017,7,10846,2017-07,2017-07-31
크러쉬 (CRUSH),From Midnight To Sunrise,2019,12,6804,2019-12,2019-12-31
크러쉬 (CRUSH),Interlude,2016,5,2193,2016-05,2016-05-31
크러쉬 (CRUSH),with HER,2020,11,12747,2020-11,2020-11-30
크러쉬 (CRUSH),wonderego,2023,11,3566,2023-11,2023-11-30
크러쉬 (CRUSH),wonderlust,2016,10,3204,2016-10,2016-10-31
크러쉬 (Crush),wonderlost,2018,7,3440,2018-07,2018-07-31
크레용팝 (Crayon Pop),2015 2nd Mini Album `FM`,2015,3,5521,2015-03,2015-03-31
크레용팝 (Crayon Pop),Evolution Pop_Vol.1,2016,9,3302,2016-09,2016-09-30
크로스진 (CROSS GENE),ZERO,2018,5,18128,2018-05,2018-05-31
크로스진 (Cross Gene),Game,2016,1,5728,2016-01,2016-01-31
크로스진 (Cross Gene),나하고 놀자,2015,4,4819,2015-04,2015-04-30
크로스진(Cross Gene),MIRROR,2017,2,12909,2017-02,2017-02-28
크루셜스타 (Crucial Star),BoyHood,2015,5,448,2015-05,2015-05-31
클래지콰이 프로젝트 (Clazziquai),Travellers,2016,9,1236,2016-09,2016-09-30
키 (KEY),BAD LOVE - The 1st Mini Album,2021,9,147677,2021-09,2021-09-30
키 (KEY),FACE - The 1st Album,2018,11,61346,2018-11,2018-11-30
키 (KEY),Gasoline - The 2nd Album,2022,8,129313,2022-08,2022-08-31
키 (KEY),Good & Great - The 2nd Mini Album,2023,9,119297,2023-09,2023-09-30
키 (KEY),I Wanna Be - The 1st Album Repackage,2019,3,31775,2019-03,2019-03-31
키 (KEY),Killer - The 2nd Album Repackage,2023,2,122539,2023-02,2023-02-28
키 (KEY),Pleasure Shop - The 3rd Mini Album,2024,9,126281,2024-09,2024-09-30
키노 (펜타곤),POSE,2022,8,19055,2022-08,2022-08-31
키드밀리 (Kid milli),"AI, THE PLAYLIST",2018,10,1970,2018-10,2018-10-31
키썸 (Kisum),Musik,2016,6,782,2016-06,2016-06-30
키썸 (Kisum),"The Sun, The Moon",2017,4,620,2017-04,2017-04-30
타루(Taru),The Song Of Songs,2015,7,496,2015-07,2015-07-31
타히티 (Tahiti),Fall Into Temptation,2015,1,1138,2015-01,2015-01-31
탑독 (Topp Dogg),Anniversary,2015,1,3291,2015-01,2015-01-31
탑독 (Topp Dogg),THE BEAT,2015,10,4567,2015-10,2015-10-31
탑독(ToppDogg),First Street,2016,11,4146,2016-11,2016-11-30
태민 (TAEMIN),Ace,2015,1,9540,2015-01,2015-01-31
태민 (TAEMIN),Advice - The 3rd Mini Album,2021,5,134904,2021-05,2021-05-31
태민 (TAEMIN),ETERNAL,2024,8,172284,2024-08,2024-08-31
태민 (TAEMIN),Guilty - The 4th Mini Album,2023,10,273149,2023-10,2023-10-31
태민 (TAEMIN),MOVE - The 2nd Album,2017,10,115286,2017-10,2017-10-31
태민 (TAEMIN),MOVE-ing - The 2nd Album Repackage,2017,12,48378,2017-12,2017-12-31
태민 (TAEMIN),Never Gonna Dance Again - The 3rd Album,2020,12,29653,2020-12,2020-12-31
태민 (TAEMIN),Never Gonna Dance Again : Act 1 - The 3rd Album,2020,9,153474,2020-09,2020-09-30
태민 (TAEMIN),Never Gonna Dance Again : Act 2 - The 3rd Album,2020,11,130040,2020-11,2020-11-30
태민 (TAEMIN),Press It - The 1st Album,2016,2,117198,2016-02,2016-02-29
태민 (TAEMIN),The 1st Mini Album `ACE`,2018,2,1000,2018-02,2018-02-28
태민 (TAEMIN),WANT - The 2nd Mini Album,2019,2,124857,2019-02,2019-02-28
태양,Down to Earth,2023,4,77063,2023-04,2023-04-30
태양,RISE,2015,1,1568,2015-01,2015-01-31
태양,WHITE NIGHT,2017,8,57185,2017-08,2017-08-31
태연 (TAEYEON),Heaven,2024,8,14450,2024-08,2024-08-31
태연 (TAEYEON),I - The 1st Mini Album,2015,10,151202,2015-10,2015-10-31
태연 (TAEYEON),INVU - The 3rd Album,2022,2,248080,2022-02,2022-02-28
태연 (TAEYEON),Letter To Myself - The 6th Mini Album,2024,11,126958,2024-11,2024-11-30
태연 (TAEYEON),My Voice - The 1st Album,2017,2,142894,2017-02,2017-02-28
태연 (TAEYEON),My Voice - The 1st Album Deluxe Edition,2017,4,77489,2017-04,2017-04-30
태연 (TAEYEON),Purpose - The 2nd Album,2019,10,170989,2019-10,2019-10-31
태연 (TAEYEON),Purpose - The 2nd Album Repackage,2020,1,49466,2020-01,2020-01-31
태연 (TAEYEON),Something New - The 3rd Mini Album,2018,6,74371,2018-06,2018-06-30
태연 (TAEYEON),This Christmas - Winter is Coming,2017,12,69099,2017-12,2017-12-31
태연 (TAEYEON),To. X - The 5th Mini Album,2023,11,154857,2023-11,2023-11-30
태연 (TAEYEON),What Do I Call You - The 4th Mini Album,2020,12,124442,2020-12,2020-12-31
태연 (TAEYEON),Why - The 2nd Mini Album,2016,6,114698,2016-06,2016-06-30
태용 (TAEYONG),SHALALA - The 1st Mini Album,2023,6,503952,2023-06,2023-06-30
태용 (TAEYONG),TAP - The 2nd Mini Album,2024,2,285756,2024-02,2024-02-29
터보,AGAIN,2016,1,2141,2016-01,2016-01-31
터보,Reboot : The Best,2015,1,1623,2015-01,2015-01-31
터보,TURBO SPLASH,2017,7,14413,2017-07,2017-07-31
테이 (Tei),The New Journey,2016,11,941,2016-11,2016-11-30
테이크(Take),TAKE,2015,5,406,2015-05,2015-05-31
텐 (TEN),STUNNER - The 2nd Mini Album,2025,3,155069,2025-03,2025-03-31
텐 (TEN),TEN - The 1st Mini Album,2024,2,174653,2024-02,2024-02-29
토마스 쿡 (Thomas Cook),Thomas Cook,2016,11,536,2016-11,2016-11-30
토이 (Toy),Da Capo,2015,4,1045,2015-04,2015-04-30
투모로우바이투게더,minisode 2: Thursday`s Child,2022,5,1955271,2022-05,2022-05-31
투모로우바이투게더,minisode 3: TOMORROW,2024,4,1961478,2024-04,2024-04-30
투모로우바이투게더,minisode1 : Blue Hour,2020,10,1021797,2020-10,2020-10-31
투모로우바이투게더,꿈의 장: ETERNITY,2020,5,525686,2020-05,2020-05-31
투모로우바이투게더,꿈의 장: MAGIC,2019,10,486896,2019-10,2019-10-31
투모로우바이투게더,꿈의 장: STAR,2019,3,414772,2019-03,2019-03-31
투모로우바이투게더,별의 장: SANCTUARY,2024,11,1910351,2024-11,2024-11-30
투모로우바이투게더,이름의 장: FREEFALL,2023,10,2760406,2023-10,2023-10-31
투모로우바이투게더,이름의 장: TEMPTATION,2023,1,3251355,2023-01,2023-01-31
투모로우바이투게더,혼돈의 장: FIGHT OR ESCAPE,2021,8,1333177,2021-08,2021-08-31
투모로우바이투게더,혼돈의 장: FREEZE,2021,5,1089582,2021-05,2021-05-31
투포케이 (24K),ADDICTION,2017,5,2137,2017-05,2017-05-31
투포케이 (24K),Bonnie N Clyde,2018,6,981,2018-06,2018-06-30
투포케이 (24K),THE REAL ONE,2016,10,2508,2016-10,2016-10-31
투포케이 (24K),날라리,2015,10,1874,2015-10,2015-10-31
트라이비(TRI.BE),CONMIGO,2021,5,4989,2021-05,2021-05-31
트라이비(TRI.BE),LEVIOSA,2022,8,15000,2022-08,2022-08-31
트라이비(TRI.BE),VENI VIDI VICI,2021,10,10615,2021-10,2021-10-31
트라이비(TRI.BE),W.A.Y,2023,2,19873,2023-02,2023-02-28
트리플 H,REtro Futurism,2018,7,11605,2018-07,2018-07-31
트리플 H (Triple H),199X,2017,5,5157,2017-05,2017-05-31
티아라 (T-ara),REMEMBER,2016,11,17977,2016-11,2016-11-30
티아라 (T-ara),Re:T-ARA,2021,11,53956,2021-11,2021-11-30
티아라 (T-ara),So Good,2015,8,21617,2015-08,2015-08-31
티아라 (T-ara),What`s my name?,2017,6,39453,2017-06,2017-06-30
티아이오티 (TIOT),Frame the Blueprint : Prelude to Possibilities,2023,8,69914,2023-08,2023-08-31
티아이오티 (TIOT),Kick-START,2024,4,63622,2024-04,2024-04-30
티파니 (TIFFANY),I Just Wanna Dance - The 1st Mini Album,2016,5,63129,2016-05,2016-05-31
티파니 (Tiffany Young),Lips On Lips,2019,3,10564,2019-03,2019-03-31
틴 탑 (Teen Top),4SHO,2023,7,24485,2023-07,2023-07-31
틴 탑 (Teen Top),DEAR.N9NE,2019,6,15876,2019-06,2019-06-30
틴 탑 (Teen Top),HIGH FIVE,2017,4,58741,2017-04,2017-04-30
틴 탑 (Teen Top),NATURAL BORN TEEN TOP,2015,6,58202,2015-06,2015-06-30
틴 탑 (Teen Top),RED POINT,2016,1,81101,2016-01,2016-01-31
틴 탑 (Teen Top),SEOUL NIGHT,2018,5,25222,2018-05,2018-05-31
틴 탑 (Teen Top),TEEN TOP STORY : 8PISODE,2018,7,2938,2018-07,2018-07-31
틴 탑 (Teen Top),TEEN TOP 눈사탕,2015,1,715,2015-01,2015-01-31
파라솔,언젠가 그 날이 오면,2015,7,321,2015-07,2015-07-31
퍼플백,Starry Night,2020,4,1200,2020-04,2020-04-30
퍼플키스,BXX,2024,3,26192,2024-03,2024-03-31
퍼플키스,Cabin Fever,2023,2,19947,2023-02,2023-02-28
퍼플키스,FESTA,2023,9,25031,2023-09,2023-09-30
퍼플키스,Geekyland,2022,7,35213,2022-07,2022-07-31
퍼플키스,HEADWAY,2024,10,24249,2024-10,2024-10-31
퍼플키스,HIDE & SEEK,2021,9,43924,2021-09,2021-09-30
퍼플키스,Into Violet,2021,3,29985,2021-03,2021-03-31
퍼플키스,memeM,2022,3,36140,2022-03,2022-03-31
페노메코 (PENOMECO),Dry Flower,2021,5,7233,2021-05,2021-05-31
페노메코 (PENOMECO),Garden,2018,12,1000,2018-12,2018-12-31
페퍼톤스 (Peppertones),2014-2015 TWO LIVES,2016,8,1109,2016-08,2016-08-31
페퍼톤스 (Peppertones),long way,2018,5,2452,2018-05,2018-05-31
펜타곤 (PENTAGON),CEREMONY,2017,6,23111,2017-06,2017-06-30
펜타곤 (PENTAGON),DEMO_01,2017,9,13759,2017-09,2017-09-30
펜타곤 (PENTAGON),DEMO_02,2017,11,23257,2017-11,2017-11-30
펜타곤 (PENTAGON),Five Senses,2016,12,22589,2016-12,2016-12-31
펜타곤 (PENTAGON),Genie:us,2019,3,39875,2019-03,2019-03-31
펜타곤 (PENTAGON),IN:VITE U,2022,1,99399,2022-01,2022-01-31
펜타곤 (PENTAGON),LOVE or TAKE,2021,3,112823,2021-03,2021-03-31
펜타곤 (PENTAGON),PENTAGON,2016,10,19772,2016-10,2016-10-31
펜타곤 (PENTAGON),Positive,2018,4,51448,2018-04,2018-04-30
펜타곤 (PENTAGON),SUM,2019,7,35881,2019-07,2019-07-31
펜타곤 (PENTAGON),Thumbs Up!,2018,9,34851,2018-09,2018-09-30
펜타곤 (PENTAGON),UNIVERSE : THE BLACK HALL,2020,2,60639,2020-02,2020-02-29
펜타곤 (PENTAGON),WE:TH,2020,10,110479,2020-10,2020-10-31
포레스텔라(Forestella),Evolution,2018,3,6055,2018-03,2018-03-31
포레스텔라(Forestella),Mystique,2019,5,7562,2019-05,2019-05-31
포레스텔라(Forestella),The Beginning : World Tree,2022,6,17196,2022-06,2022-06-30
포레스텔라(Forestella),Unfinished,2023,11,17091,2023-11,2023-11-30
포레스텔라(Forestella),[The Bloom : UTOPIA] The Borders of Utopia,2022,12,9323,2022-12,2022-12-31
포르테 디 콰트로,Classica,2017,11,6460,2017-11,2017-11-30
포르테 디 콰트로,Colors,2018,9,1890,2018-09,2018-09-30
포르테 디 콰트로,HARMONIA,2019,11,1764,2019-11,2019-11-30
포르테 디 콰트로,포르테 디 콰트로,2017,5,15542,2017-05,2017-05-31
포르테 디 콰트로,포르테 디 콰트로 - 리패키지,2017,10,2369,2017-10,2017-10-31
포르테나 (Fortena),KINGDOM,2023,12,14571,2023-12,2023-12-31
포르테나 (Fortena),Miracle,2023,9,21151,2023-09,2023-09-30
포맨,유학,2015,6,565,2015-06,2015-06-30
포맨 (4Men),4MEN 1st Live Album,2015,11,678,2015-11,2015-11-30
포맨 (4Men),REMEMBER ME,2017,10,970,2017-10,2017-10-31
포미닛 (4minute),Act. 7,2016,2,7646,2016-02,2016-02-29
포지션,The Essential Position,2016,6,795,2016-06,2016-06-30
포텐 (4TEN),Jack Of All Trades,2016,3,672,2016-03,2016-03-31
폴킴,The 1st Mini Album `Song Diary`,2019,4,1669,2019-04,2019-04-30
폴킴,pkalbum,2022,12,6030,2022-12,2022-12-31
폴킴,"마음, 둘",2020,4,1196,2020-04,2020-04-30
폴킴,"마음, 하나",2019,10,1516,2019-10,2019-10-31
폴킴,비,2019,8,1078,2019-08,2019-08-31
표진호,보칼리즈,2016,7,555,2016-07,2016-07-31
프라이머리 (Primary),1집 Primary And The Messengers LP,2015,7,664,2015-07,2015-07-31
프라이머리 (Primary),2,2015,8,3323,2015-08,2015-08-31
프로미스나인 (fromis_9),9 WAY TICKET,2021,5,62599,2021-05,2021-05-31
프로미스나인 (fromis_9),FUN FACTORY,2019,6,61604,2019-06,2019-06-30
프로미스나인 (fromis_9),From.9,2018,10,35911,2018-10,2018-10-31
프로미스나인 (fromis_9),Midnight Guest,2022,1,147254,2022-01,2022-01-31
프로미스나인 (fromis_9),My Little Society,2020,9,55251,2020-09,2020-09-30
프로미스나인 (fromis_9),Supersonic,2024,8,138895,2024-08,2024-08-31
프로미스나인 (fromis_9),Talk & Talk,2021,9,23000,2021-09,2021-09-30
프로미스나인 (fromis_9),To. Day,2018,6,18027,2018-06,2018-06-30
프로미스나인 (fromis_9),To. Heart,2018,1,19528,2018-01,2018-01-31
프로미스나인 (fromis_9),Unlock My World,2023,6,184185,2023-06,2023-06-30
프로미스나인 (fromis_9),from our Memento Box,2022,6,192735,2022-06,2022-06-30
프롬(Fromm),Erica,2016,10,609,2016-10,2016-10-31
프롬(Fromm),MOONBOW,2015,4,532,2015-04,2015-04-30
플라이 투 더 스카이 (Fly To The Sky),3RD MINI ALBUM [I],2018,11,3000,2018-11,2018-11-30
플라이 투 더 스카이 (Fly To The Sky),FLY TO THE SKY 10TH ALBUM [Fly High],2019,10,4844,2019-10,2019-10-31
플라이 투 더 스카이 (Fly To The Sky),Love & Hate,2015,9,7016,2015-09,2015-09-30
플라이 투 더 스카이 (Fly To The Sky),너의 계절,2017,11,3585,2017-11,2017-11-30
플레이백 (Playback),없을까?,2015,9,375,2015-09,2015-09-30
피아 (Pia),PIA,2015,4,800,2015-04,2015-04-30
피아 (Pia),PIA 15years,2017,2,463,2017-02,2017-02-28
피에스타(FIESTAR),A Delicate Sense,2016,3,2848,2016-03,2016-03-31
피에스타(FIESTAR),BLACK LABEL,2015,3,3021,2015-03,2015-03-31
피타입 (P-Type),Street Poetry,2015,3,766,2015-03,2015-03-31
핑크판타지,그림자,2020,7,1836,2020-07,2020-07-31
핑클,FIN.K.L Best Album,2019,8,1500,2019-08,2019-08-31
하동균,Polygon,2017,5,1319,2017-05,2017-05-31
하성운,BXXX,2019,7,81631,2019-07,2019-07-31
하성운,Blessed,2024,7,32651,2024-07,2024-07-31
하성운,Electrified : Urban Nostalgia,2021,11,24736,2021-11,2021-11-30
하성운,Mirage,2020,11,66751,2020-11,2020-11-30
하성운,My Moment,2019,2,87737,2019-02,2019-02-28
하성운,Select Shop,2021,8,31395,2021-08,2021-08-31
하성운,Sneakers,2021,6,62962,2021-06,2021-06-30
하성운,Strange World,2022,8,70797,2022-08,2022-08-31
하성운,Twilight Zone,2020,6,76490,2020-06,2020-06-30
하성운,YOU,2022,2,20042,2022-02,2022-02-28
하이라이트 (Highlight),Switch On,2024,3,107706,2024-03,2024-03-31
하이라이트(Highlight),AFTER SUNSET,2022,11,139000,2022-11,2022-11-30
하이라이트(Highlight),CALLING YOU,2017,5,36307,2017-05,2017-05-31
하이라이트(Highlight),CAN YOU FEEL IT?,2017,3,115107,2017-03,2017-03-31
하이라이트(Highlight),CELEBRATE,2017,10,113546,2017-10,2017-10-31
하이라이트(Highlight),DAYDREAM,2022,3,91577,2022-03,2022-03-31
하이라이트(Highlight),OUTRO,2018,11,47937,2018-11,2018-11-30
하이라이트(Highlight),The Blowing,2021,5,108820,2021-05,2021-05-31
하트비,Remember,2015,5,893,2015-05,2015-05-31
하트비,美STORY,2015,9,801,2015-09,2015-09-30
하현상,Calibrate,2021,12,13571,2021-12,2021-12-31
하현상,Elegy,2024,10,8537,2024-10,2024-10-31
하현상,The Edge,2020,6,3669,2020-06,2020-06-30
하현상,Time and Trace,2023,4,19223,2023-04,2023-04-30
하현상,With All My Heart,2024,1,11509,2024-01,2024-01-31
하현우,Ithaca,2018,11,7796,2018-11,2018-11-30
한동근,1ST ALBUM ‘Your Diary’,2017,5,1077,2017-05,2017-05-31
한상일,Rachmaninov & Prokofiev,2016,6,700,2016-06,2016-06-30
한승석 & 정재일,끝내 바다에,2017,10,861,2017-10,2017-10-31
한승우,FRAME,2023,6,54456,2023-06,2023-06-30
한승우,Fade,2021,6,70978,2021-06,2021-06-30
한승우,Fame,2020,8,83473,2020-08,2020-08-31
한승우,SCENE,2024,6,22226,2024-06,2024-06-30
한요한,엑시브,2019,3,1772,2019-03,2019-03-31
한요한,원기옥,2020,4,2069,2020-04,2020-04-30
한해,365,2015,2,1761,2015-02,2015-02-28
핫샷 (HOTSHOT),Am I Hotshot?,2015,4,2547,2015-04,2015-04-30
핫샷 (HOTSHOT),Early Flowering,2018,11,16845,2018-11,2018-11-30
핫샷 (HOTSHOT),I'm A Hotshot,2015,7,1647,2015-07,2015-07-31
해쉬스완 (Hash Swan),Alexandrite,2018,2,1043,2018-02,2018-02-28
해시태그,The girl next door,2017,10,1068,2017-10,2017-10-31
허각,겨울동화,2015,11,740,2015-11,2015-11-30
허각,사월의 눈,2015,3,1072,2015-03,2015-03-31
허니스트,HONEYST 2ND SINGLE ALBUM 연애하고싶은데요,2017,11,1011,2017-11,2017-11-30
허니스트,HONEYST FIRST SINGLE ALBUM [반하겠어],2017,5,2280,2017-05,2017-05-31
허니팝콘,디에세오스타,2019,7,1682,2019-07,2019-07-31
허니팝콘 (Honey Popcorn),Bibidi Babidi Boo,2018,3,1500,2018-03,2018-03-31
허영생,MOMENT,2019,6,3492,2019-06,2019-06-30
허영생,夢; 날다,2018,4,1879,2018-04,2018-04-30
헤이즈 (Heize),///,2017,6,5194,2017-06,2017-06-30
헤이즈 (Heize),And July,2016,7,1891,2016-07,2016-07-31
헤이즈 (Heize),HAPPEN,2021,5,5000,2021-05,2021-05-31
헤이즈 (Heize),SHE`S FINE,2019,3,3090,2019-03,2019-03-31
헤이즈 (Heize),We don`t talk together,2019,7,2768,2019-07,2019-07-31
헤이즈 (Heize),만추,2019,10,2615,2019-10,2019-10-31
헤이즈 (Heize),바람,2018,3,4683,2018-03,2018-03-31
헤일로 (HALO),Grow Up,2015,5,5985,2015-05,2015-05-31
헤일로 (HALO),HAPPY DAY,2016,9,2446,2016-09,2016-09-30
헤일로 (HALO),Young Love,2015,12,4136,2015-12,2015-12-31
헤일로(HALO),HERE I AM,2017,7,2427,2017-07,2017-07-31
헨리 (Henry),JOURNEY,2020,11,64970,2020-11,2020-11-30
헬로비너스(HELLOVENUS),6th Mini Album Mystery of VENUS,2017,1,3021,2017-01,2017-01-31
헬로비너스(HELLOVENUS),Hellovenus 5th Mini Album 난 예술이야,2015,7,4338,2015-07,2015-07-31
혁 (HYUK),겨울나비,2019,12,13257,2019-12,2019-12-31
혁오 (hyukoh),20,2015,9,2000,2015-09,2015-09-30
혁오 (hyukoh),22,2015,5,3998,2015-05,2015-05-31
혁오 (hyukoh),23,2017,4,13830,2017-04,2017-04-30
혁오 (hyukoh),24 : How to find true love and happiness,2018,5,7594,2018-05,2018-05-31
혁오 (hyukoh),사랑으로,2020,2,8143,2020-02,2020-02-29
"혁오 (hyukoh), Sunset Rollercoaster",AAA,2024,12,3895,2024-12,2024-12-31
현아 & 던,1+1=1,2021,9,14824,2021-09,2021-09-30
현아 (HyunA),A+,2015,8,7703,2015-08,2015-08-31
현아 (HyunA),A`wesome,2016,8,9224,2016-08,2016-08-31
현아 (HyunA),Attitude,2024,5,16000,2024-05,2024-05-31
현아 (HyunA),Following,2017,8,8097,2017-08,2017-08-31
현아 (HyunA),I’m Not Cool,2021,1,14669,2021-01,2021-01-31
현아 (HyunA),Lip & Hip,2017,12,3000,2017-12,2017-12-31
현아 (HyunA),나빌레라,2022,7,15177,2022-07,2022-07-31
형섭X의웅,꿈으로 물들다,2018,4,14026,2018-04,2018-04-30
형섭X의웅,눈부시게 찬란한,2017,11,31697,2017-11,2017-11-30
호란,괜찮은 여자,2015,5,449,2015-05,2015-05-31
호시X우지 (SEVENTEEN),1st Single Album `BEAM`,2025,3,448382,2025-03,2025-03-31
"호우 (손호영, 김태우)","우린 이제, 우리 그냥",2019,12,3269,2019-12,2019-12-31
호피폴라,And Then There Was Us,2021,1,4559,2021-01,2021-01-31
호피폴라,Spring to Spring,2020,5,2543,2020-05,2020-05-31
홍광호,스페셜앨범 무대에서 보낸 편지,2017,9,3910,2017-09,2017-09-30
홍대광,And you?,2017,4,638,2017-04,2017-04-30
홍대광,너랑,2015,6,893,2015-06,2015-06-30
홍은기,HONG EUNKI 1ST MINI ALBUM [UNDEFINABLE:LOVE],2020,3,1311,2020-03,2020-03-31
홍은지,소프라노 아리아집,2019,1,2814,2019-01,2019-01-31
홍이삭,The Lovers Note,2025,3,9594,2025-03,2025-03-31
홍이삭,사랑은 하니까,2024,3,10720,2024-03,2024-03-31
홍자,내:딛다,2019,9,1672,2019-09,2019-09-30
홍자,술잔,2021,5,4594,2021-05,2021-05-31
홍진영,Lots of Love,2019,3,4083,2019-03,2019-03-31
홍진영,인생노트,2015,1,1070,2015-01,2015-01-31
홍진영,화양연화,2016,3,965,2016-03,2016-03-31
화사(Hwa Sa),Guilty Pleasure,2021,11,37308,2021-11,2021-11-30
화사(Hwa Sa),Maria,2020,6,66121,2020-06,2020-06-30
화사(Hwa Sa),O,2024,9,14456,2024-09,2024-09-30
화요비,820211,2015,1,546,2015-01,2015-01-31
황민현,`Truth or Lie` - 1st MINI ALBUM,2023,2,84184,2023-02,2023-02-28
황영웅,"가을, 그리움",2023,10,512643,2023-10,2023-10-31
황영웅,당신 편,2024,10,633328,2024-10,2024-10-31
황치열,ALL OF ME,2025,2,13635,2025-02,2025-02-28
황치열,Be My Reason,2021,4,99509,2021-04,2021-04-30
황치열,Be Myself,2018,4,115383,2018-04,2018-04-30
황치열,Be ordinary,2017,6,224204,2017-06,2017-06-30
황치열,By My Side,2022,5,53481,2022-05,2022-05-31
황치열,GIFT,2023,6,20550,2023-06,2023-06-30
황치열,I LOVE WINTER,2023,12,13359,2023-12,2023-12-31
황치열,The Four Seasons,2019,1,104695,2019-01,2019-01-31
황프로젝트 With 박효신,Welcome To The Fantastic World,2017,2,4397,2017-02,2017-02-28
효린,IT’S ME,2016,11,3478,2016-11,2016-11-30
효린,SAY MY NAME,2020,8,3189,2020-08,2020-08-31
효민,Allure,2019,2,10237,2019-02,2019-02-28
효민,Sketch,2016,3,13129,2016-03,2016-03-31
효연 (HYO),DEEP - The 1st Mini Album,2022,5,13064,2022-05,2022-05-31
효진 (온앤오프),SPECIAL SINGLE [너를 사랑하는 일],2023,2,10000,2023-02,2023-02-28
후이,WHU IS ME : Complex,2024,1,30000,2024-01,2024-01-31
휘성,Transformation,2016,6,2749,2016-06,2016-06-30
휘영 (SF9),Traveling Fish,2024,7,9959,2024-07,2024-07-31
휘인 (Whee In),IN the mood,2023,10,78908,2023-10,2023-10-31
휘인 (Whee In),Redd,2021,4,72735,2021-04,2021-04-30
휘인 (Whee In),WHEE,2022,1,80105,2022-01,2022-01-31
휘인 (Whee In),soar,2019,9,23279,2019-09,2019-09-30
희진&현진 (이달의 소녀),HeeJin & HyunJin,2016,11,7641,2016-11,2016-11-30
희진(HeeJin),＜K＞,2023,10,21250,2023-10,2023-10-31
히스토리 (HISTORY),HIM,2016,4,43661,2016-04,2016-04-30
히스토리(HISTORY),Beyond The History,2015,5,2413,2015-05,2015-05-31
